{"kind":"order","ts":1784716254385,"orderId":"72905182","owner":"0x2b46C08Ca648e2334A1182D31228A79e2BEC1669","price":0.023815,"size":41961,"isBuy":true}
{"kind":"order","ts":1784716254386,"orderId":"72905183","owner":"0x2b46C08Ca648e2334A1182D31228A79e2BEC1669","price":0.02382,"size":41961,"isBuy":false}
{"kind":"order","ts":1784716254760,"orderId":"72905184","owner":"0xd0F8A6422CcdD812f29D8FB75CF5FCd41483BaDc","price":0.023829,"size":9823.7554703043,"isBuy":false}
{"kind":"order","ts":1784716254761,"orderId":"72905185","owner":"0xd0F8A6422CcdD812f29D8FB75CF5FCd41483BaDc","price":0.023831,"size":24559.3886757607,"isBuy":false}
{"kind":"order","ts":1784716254761,"orderId":"72905186","owner":"0xd0F8A6422CcdD812f29D8FB75CF5FCd41483BaDc","price":0.023835,"size":245593.8867576075,"isBuy":false}
{"kind":"order","ts":1784716254761,"orderId":"72905187","owner":"0xd0F8A6422CcdD812f29D8FB75CF5FCd41483BaDc","price":0.023862,"size":491187.7735152151,"isBuy":false}
{"kind":"order","ts":1784716254770,"orderId":"72905188","owner":"0x8Cf67893C236963233023B56AC56A185B042866F","price":0.023815,"size":20995,"isBuy":true}
{"kind":"order","ts":1784716256445,"orderId":"72905189","owner":"0x2b46C08Ca648e2334A1182D31228A79e2BEC1669","price":0.023814,"size":41963,"isBuy":true}
{"kind":"order","ts":1784716256446,"orderId":"72905190","owner":"0x2b46C08Ca648e2334A1182D31228A79e2BEC1669","price":0.023819,"size":41963,"isBuy":false}
{"kind":"order","ts":1784716256446,"orderId":"72905191","owner":"0x2b46C08Ca648e2334A1182D31228A79e2BEC1669","price":0.023823,"size":20981,"isBuy":false}
{"kind":"order","ts":1784716256812,"orderId":"72905192","owner":"0xd0F8A6422CcdD812f29D8FB75CF5FCd41483BaDc","price":0.023825,"size":9824.5253988245,"isBuy":false}
{"kind":"order","ts":1784716256812,"orderId":"72905193","owner":"0xd0F8A6422CcdD812f29D8FB75CF5FCd41483BaDc","price":0.023827,"size":24561.3134970612,"isBuy":false}
{"kind":"order","ts":1784716256812,"orderId":"72905194","owner":"0xd0F8A6422CcdD812f29D8FB75CF5FCd41483BaDc","price":0.023832,"size":245613.1349706129,"isBuy":false}
{"kind":"order","ts":1784716256813,"orderId":"72905195","owner":"0xd0F8A6422CcdD812f29D8FB75CF5FCd41483BaDc","price":0.023858,"size":491226.2699412258,"isBuy":false}
{"kind":"order","ts":1784716257209,"orderId":"72905196","owner":"0x2b46C08Ca648e2334A1182D31228A79e2BEC1669","price":0.023811,"size":41967,"isBuy":true}
{"kind":"order","ts":1784716257213,"orderId":"72905197","owner":"0x2b46C08Ca648e2334A1182D31228A79e2BEC1669","price":0.023817,"size":41967,"isBuy":false}
{"kind":"order","ts":1784716257213,"orderId":"72905198","owner":"0x2b46C08Ca648e2334A1182D31228A79e2BEC1669","price":0.023805,"size":20983,"isBuy":true}
{"kind":"order","ts":1784716257213,"orderId":"72905199","owner":"0x2b46C08Ca648e2334A1182D31228A79e2BEC1669","price":0.023821,"size":20983,"isBuy":false}
{"kind":"order","ts":1784716258042,"orderId":"72905200","owner":"0x2b46C08Ca648e2334A1182D31228A79e2BEC1669","price":0.023801,"size":41986,"isBuy":true}
{"kind":"order","ts":1784716258042,"orderId":"72905201","owner":"0x2b46C08Ca648e2334A1182D31228A79e2BEC1669","price":0.023806,"size":20991,"isBuy":false}
{"kind":"order","ts":1784716258059,"orderId":"72905202","owner":"0x2b46C08Ca648e2334A1182D31228A79e2BEC1669","price":0.023795,"size":20993,"isBuy":true}
{"kind":"order","ts":1784716258059,"orderId":"72905203","owner":"0x2b46C08Ca648e2334A1182D31228A79e2BEC1669","price":0.02381,"size":20993,"isBuy":false}
{"kind":"order","ts":1784716258060,"orderId":"72905204","owner":"0xd0F8A6422CcdD812f29D8FB75CF5FCd41483BaDc","price":0.023821,"size":9824.5253988245,"isBuy":false}
{"kind":"order","ts":1784716258060,"orderId":"72905205","owner":"0xd0F8A6422CcdD812f29D8FB75CF5FCd41483BaDc","price":0.023822,"size":24561.3134970612,"isBuy":false}
{"kind":"order","ts":1784716258060,"orderId":"72905206","owner":"0xd0F8A6422CcdD812f29D8FB75CF5FCd41483BaDc","price":0.023825,"size":245613.1349706129,"isBuy":false}
{"kind":"order","ts":1784716258060,"orderId":"72905207","owner":"0xd0F8A6422CcdD812f29D8FB75CF5FCd41483BaDc","price":0.023852,"size":491226.2699412258,"isBuy":false}
{"kind":"trade","ts":1784716258060,"orderId":"72905188","isBuy":false,"price":0.023815,"updatedSize":0,"filledSize":20995,"taker":"0x2b46C08Ca648e2334A1182D31228A79e2BEC1669","maker":"0x8Cf67893C236963233023B56AC56A185B042866F"}
{"kind":"order","ts":1784716258418,"orderId":"72905208","owner":"0x2b46C08Ca648e2334A1182D31228A79e2BEC1669","price":0.023798,"size":41991,"isBuy":true}
{"kind":"order","ts":1784716258429,"orderId":"72905209","owner":"0x2b46C08Ca648e2334A1182D31228A79e2BEC1669","price":0.023803,"size":41991,"isBuy":false}
{"kind":"order","ts":1784716258429,"orderId":"72905210","owner":"0x2b46C08Ca648e2334A1182D31228A79e2BEC1669","price":0.023792,"size":20995,"isBuy":true}
{"kind":"order","ts":1784716258429,"orderId":"72905211","owner":"0x2b46C08Ca648e2334A1182D31228A79e2BEC1669","price":0.023807,"size":20995,"isBuy":false}
{"kind":"order","ts":1784716258820,"orderId":"72905212","owner":"0xd0F8A6422CcdD812f29D8FB75CF5FCd41483BaDc","price":0.023815,"size":9824.5253988245,"isBuy":false}
{"kind":"order","ts":1784716258820,"orderId":"72905213","owner":"0xd0F8A6422CcdD812f29D8FB75CF5FCd41483BaDc","price":0.023817,"size":24561.3134970612,"isBuy":false}
{"kind":"order","ts":1784716258820,"orderId":"72905214","owner":"0xd0F8A6422CcdD812f29D8FB75CF5FCd41483BaDc","price":0.023821,"size":245613.1349706129,"isBuy":false}
{"kind":"order","ts":1784716258820,"orderId":"72905215","owner":"0xd0F8A6422CcdD812f29D8FB75CF5FCd41483BaDc","price":0.023848,"size":491226.2699412258,"isBuy":false}
{"kind":"order","ts":1784716258820,"orderId":"72905216","owner":"0x2b46C08Ca648e2334A1182D31228A79e2BEC1669","price":0.023802,"size":41989,"isBuy":true}
{"kind":"order","ts":1784716258820,"orderId":"72905217","owner":"0x2b46C08Ca648e2334A1182D31228A79e2BEC1669","price":0.023805,"size":41989,"isBuy":false}
{"kind":"order","ts":1784716258820,"orderId":"72905218","owner":"0x2b46C08Ca648e2334A1182D31228A79e2BEC1669","price":0.023796,"size":20994,"isBuy":true}
{"kind":"order","ts":1784716258821,"orderId":"72905219","owner":"0x2b46C08Ca648e2334A1182D31228A79e2BEC1669","price":0.023811,"size":20994,"isBuy":false}
{"kind":"order","ts":1784716259356,"orderId":"72905220","owner":"0xd0F8A6422CcdD812f29D8FB75CF5FCd41483BaDc","price":0.023822,"size":9824.5253988245,"isBuy":false}
{"kind":"order","ts":1784716259357,"orderId":"72905221","owner":"0xd0F8A6422CcdD812f29D8FB75CF5FCd41483BaDc","price":0.023823,"size":24561.3134970612,"isBuy":false}
{"kind":"order","ts":1784716259393,"orderId":"72905222","owner":"0xd0F8A6422CcdD812f29D8FB75CF5FCd41483BaDc","price":0.023828,"size":245613.1349706129,"isBuy":false}
{"kind":"order","ts":1784716259393,"orderId":"72905223","owner":"0xd0F8A6422CcdD812f29D8FB75CF5FCd41483BaDc","price":0.023854,"size":491226.2699412258,"isBuy":false}
{"kind":"order","ts":1784716259395,"orderId":"72905224","owner":"0x2b46C08Ca648e2334A1182D31228A79e2BEC1669","price":0.02381,"size":41975,"isBuy":true}
{"kind":"order","ts":1784716259433,"orderId":"72905225","owner":"0x2b46C08Ca648e2334A1182D31228A79e2BEC1669","price":0.023813,"size":41975,"isBuy":false}
{"kind":"order","ts":1784716259433,"orderId":"72905226","owner":"0x2b46C08Ca648e2334A1182D31228A79e2BEC1669","price":0.023804,"size":20987,"isBuy":true}
{"kind":"order","ts":1784716259433,"orderId":"72905227","owner":"0x2b46C08Ca648e2334A1182D31228A79e2BEC1669","price":0.023819,"size":20987,"isBuy":false}
{"kind":"order","ts":1784716259580,"orderId":"72905228","owner":"0x2b46C08Ca648e2334A1182D31228A79e2BEC1669","price":0.023807,"size":41980,"isBuy":true}
{"kind":"order","ts":1784716259585,"orderId":"72905229","owner":"0x2b46C08Ca648e2334A1182D31228A79e2BEC1669","price":0.02381,"size":41980,"isBuy":false}
{"kind":"order","ts":1784716259592,"orderId":"72905230","owner":"0x2b46C08Ca648e2334A1182D31228A79e2BEC1669","price":0.023801,"size":20990,"isBuy":true}
{"kind":"order","ts":1784716259592,"orderId":"72905231","owner":"0x2b46C08Ca648e2334A1182D31228A79e2BEC1669","price":0.023816,"size":20990,"isBuy":false}
{"kind":"order","ts":1784716259595,"orderId":"72905232","owner":"0xd0F8A6422CcdD812f29D8FB75CF5FCd41483BaDc","price":0.023817,"size":9825.2956506403,"isBuy":false}
{"kind":"order","ts":1784716259598,"orderId":"72905233","owner":"0xd0F8A6422CcdD812f29D8FB75CF5FCd41483BaDc","price":0.023819,"size":24563.2391266008,"isBuy":false}
{"kind":"order","ts":1784716259599,"orderId":"72905234","owner":"0xd0F8A6422CcdD812f29D8FB75CF5FCd41483BaDc","price":0.023823,"size":245632.3912660088,"isBuy":false}
{"kind":"order","ts":1784716259628,"orderId":"72905235","owner":"0xd0F8A6422CcdD812f29D8FB75CF5FCd41483BaDc","price":0.02385,"size":491264.7825320176,"isBuy":false}
{"kind":"order","ts":1784716260087,"orderId":"72905236","owner":"0x8Cf67893C236963233023B56AC56A185B042866F","price":0.023802,"size":21004,"isBuy":true}
{"kind":"order","ts":1784716260087,"orderId":"72905237","owner":"0x8Cf67893C236963233023B56AC56A185B042866F","price":0.02381,"size":21004,"isBuy":false}
{"kind":"order","ts":1784716261289,"orderId":"72905238","owner":"0xd0F8A6422CcdD812f29D8FB75CF5FCd41483BaDc","price":0.023819,"size":9826.0662259554,"isBuy":false}
{"kind":"order","ts":1784716261290,"orderId":"72905239","owner":"0xd0F8A6422CcdD812f29D8FB75CF5FCd41483BaDc","price":0.02382,"size":24565.1655648887,"isBuy":false}
{"kind":"order","ts":1784716261290,"orderId":"72905240","owner":"0xd0F8A6422CcdD812f29D8FB75CF5FCd41483BaDc","price":0.023825,"size":245651.655648887,"isBuy":false}
{"kind":"order","ts":1784716261290,"orderId":"72905241","owner":"0xd0F8A6422CcdD812f29D8FB75CF5FCd41483BaDc","price":0.023851,"size":491303.311297774,"isBuy":false}
{"kind":"order","ts":1784716261725,"orderId":"72905242","owner":"0x2b46C08Ca648e2334A1182D31228A79e2BEC1669","price":0.023807,"size":41981,"isBuy":true}
{"kind":"order","ts":1784716261726,"orderId":"72905243","owner":"0x2b46C08Ca648e2334A1182D31228A79e2BEC1669","price":0.023809,"size":41981,"isBuy":false}
{"kind":"order","ts":1784716261726,"orderId":"72905244","owner":"0x2b46C08Ca648e2334A1182D31228A79e2BEC1669","price":0.0238,"size":20990,"isBuy":true}
{"kind":"order","ts":1784716264145,"orderId":"72905245","owner":"0x2b46C08Ca648e2334A1182D31228A79e2BEC1669","price":0.023808,"size":41979,"isBuy":true}
{"kind":"order","ts":1784716264145,"orderId":"72905246","owner":"0x2b46C08Ca648e2334A1182D31228A79e2BEC1669","price":0.02381,"size":41979,"isBuy":false}
{"kind":"order","ts":1784716264145,"orderId":"72905247","owner":"0x2b46C08Ca648e2334A1182D31228A79e2BEC1669","price":0.023801,"size":20989,"isBuy":true}
{"kind":"order","ts":1784716264145,"orderId":"72905248","owner":"0x2b46C08Ca648e2334A1182D31228A79e2BEC1669","price":0.023817,"size":20989,"isBuy":false}
{"kind":"order","ts":1784716265885,"orderId":"72905249","owner":"0x2b46C08Ca648e2334A1182D31228A79e2BEC1669","price":0.023806,"size":41981,"isBuy":true}
{"kind":"order","ts":1784716265885,"orderId":"72905250","owner":"0x2b46C08Ca648e2334A1182D31228A79e2BEC1669","price":0.023809,"size":41981,"isBuy":false}
{"kind":"order","ts":1784716265886,"orderId":"72905251","owner":"0x2b46C08Ca648e2334A1182D31228A79e2BEC1669","price":0.0238,"size":20990,"isBuy":true}
{"kind":"order","ts":1784716265886,"orderId":"72905252","owner":"0x2b46C08Ca648e2334A1182D31228A79e2BEC1669","price":0.023815,"size":20990,"isBuy":false}
{"kind":"order","ts":1784716265895,"orderId":"72905253","owner":"0xd0F8A6422CcdD812f29D8FB75CF5FCd41483BaDc","price":0.023816,"size":9826.0662259554,"isBuy":false}
{"kind":"order","ts":1784716265895,"orderId":"72905254","owner":"0xd0F8A6422CcdD812f29D8FB75CF5FCd41483BaDc","price":0.023818,"size":24565.1655648887,"isBuy":false}
{"kind":"order","ts":1784716265896,"orderId":"72905255","owner":"0xd0F8A6422CcdD812f29D8FB75CF5FCd41483BaDc","price":0.023822,"size":245651.655648887,"isBuy":false}
{"kind":"order","ts":1784716265908,"orderId":"72905256","owner":"0xd0F8A6422CcdD812f29D8FB75CF5FCd41483BaDc","price":0.023849,"size":491303.311297774,"isBuy":false}
{"kind":"order","ts":1784716267943,"orderId":"72905257","owner":"0x2b46C08Ca648e2334A1182D31228A79e2BEC1669","price":0.023807,"size":41981,"isBuy":true}
{"kind":"order","ts":1784716267944,"orderId":"72905258","owner":"0x2b46C08Ca648e2334A1182D31228A79e2BEC1669","price":0.02381,"size":41981,"isBuy":false}
{"kind":"order","ts":1784716267955,"orderId":"72905259","owner":"0x2b46C08Ca648e2334A1182D31228A79e2BEC1669","price":0.023801,"size":20990,"isBuy":true}
{"kind":"order","ts":1784716267955,"orderId":"72905260","owner":"0x2b46C08Ca648e2334A1182D31228A79e2BEC1669","price":0.023816,"size":20990,"isBuy":false}
{"kind":"order","ts":1784716269939,"orderId":"72905261","owner":"0x2b46C08Ca648e2334A1182D31228A79e2BEC1669","price":0.023807,"size":41980,"isBuy":true}
{"kind":"order","ts":1784716269939,"orderId":"72905262","owner":"0x2b46C08Ca648e2334A1182D31228A79e2BEC1669","price":0.02381,"size":41980,"isBuy":false}
{"kind":"order","ts":1784716272081,"orderId":"72905263","owner":"0x2b46C08Ca648e2334A1182D31228A79e2BEC1669","price":0.023807,"size":41980,"isBuy":true}
{"kind":"order","ts":1784716272083,"orderId":"72905264","owner":"0x2b46C08Ca648e2334A1182D31228A79e2BEC1669","price":0.02381,"size":41980,"isBuy":false}
{"kind":"order","ts":1784716274092,"orderId":"72905265","owner":"0x2b46C08Ca648e2334A1182D31228A79e2BEC1669","price":0.023807,"size":41980,"isBuy":true}
{"kind":"order","ts":1784716274094,"orderId":"72905266","owner":"0x2b46C08Ca648e2334A1182D31228A79e2BEC1669","price":0.02381,"size":41980,"isBuy":false}
{"kind":"order","ts":1784716276113,"orderId":"72905267","owner":"0x2b46C08Ca648e2334A1182D31228A79e2BEC1669","price":0.023807,"size":41980,"isBuy":true}
{"kind":"order","ts":1784716276115,"orderId":"72905268","owner":"0x2b46C08Ca648e2334A1182D31228A79e2BEC1669","price":0.02381,"size":41980,"isBuy":false}
{"kind":"order","ts":1784716278511,"orderId":"72905269","owner":"0x2b46C08Ca648e2334A1182D31228A79e2BEC1669","price":0.023807,"size":41980,"isBuy":true}
{"kind":"order","ts":1784716278515,"orderId":"72905270","owner":"0x2b46C08Ca648e2334A1182D31228A79e2BEC1669","price":0.02381,"size":41980,"isBuy":false}
{"kind":"order","ts":1784716280128,"orderId":"72905271","owner":"0x8Cf67893C236963233023B56AC56A185B042866F","price":0.023806,"size":21004,"isBuy":true}
{"kind":"order","ts":1784716280138,"orderId":"72905272","owner":"0x8Cf67893C236963233023B56AC56A185B042866F","price":0.023814,"size":21004,"isBuy":false}
{"kind":"order","ts":1784716280517,"orderId":"72905273","owner":"0x2b46C08Ca648e2334A1182D31228A79e2BEC1669","price":0.023807,"size":41980,"isBuy":true}
{"kind":"order","ts":1784716280518,"orderId":"72905274","owner":"0x2b46C08Ca648e2334A1182D31228A79e2BEC1669","price":0.02381,"size":41980,"isBuy":false}
{"kind":"order","ts":1784716282585,"orderId":"72905275","owner":"0x2b46C08Ca648e2334A1182D31228A79e2BEC1669","price":0.023807,"size":41980,"isBuy":true}
{"kind":"order","ts":1784716282585,"orderId":"72905276","owner":"0x2b46C08Ca648e2334A1182D31228A79e2BEC1669","price":0.02381,"size":41980,"isBuy":false}
{"kind":"order","ts":1784716285335,"orderId":"72905277","owner":"0x2b46C08Ca648e2334A1182D31228A79e2BEC1669","price":0.023807,"size":41981,"isBuy":true}
{"kind":"order","ts":1784716285335,"orderId":"72905278","owner":"0x2b46C08Ca648e2334A1182D31228A79e2BEC1669","price":0.023809,"size":41981,"isBuy":false}
{"kind":"order","ts":1784716285338,"orderId":"72905279","owner":"0x2b46C08Ca648e2334A1182D31228A79e2BEC1669","price":0.0238,"size":20990,"isBuy":true}
{"kind":"order","ts":1784716285339,"orderId":"72905280","owner":"0x2b46C08Ca648e2334A1182D31228A79e2BEC1669","price":0.023816,"size":20990,"isBuy":false}
{"kind":"order","ts":1784716286939,"orderId":"72905281","owner":"0x2b46C08Ca648e2334A1182D31228A79e2BEC1669","price":0.023807,"size":41980,"isBuy":true}
{"kind":"order","ts":1784716286941,"orderId":"72905282","owner":"0x2b46C08Ca648e2334A1182D31228A79e2BEC1669","price":0.02381,"size":41980,"isBuy":false}
{"kind":"order","ts":1784716286941,"orderId":"72905283","owner":"0x2b46C08Ca648e2334A1182D31228A79e2BEC1669","price":0.023801,"size":20990,"isBuy":true}
{"kind":"order","ts":1784716289342,"orderId":"72905284","owner":"0x2b46C08Ca648e2334A1182D31228A79e2BEC1669","price":0.023807,"size":41980,"isBuy":true}
{"kind":"order","ts":1784716289342,"orderId":"72905285","owner":"0x2b46C08Ca648e2334A1182D31228A79e2BEC1669","price":0.02381,"size":41980,"isBuy":false}
{"kind":"order","ts":1784716292511,"orderId":"72905286","owner":"0x2b46C08Ca648e2334A1182D31228A79e2BEC1669","price":0.023807,"size":41980,"isBuy":true}
{"kind":"order","ts":1784716292511,"orderId":"72905287","owner":"0x2b46C08Ca648e2334A1182D31228A79e2BEC1669","price":0.02381,"size":41980,"isBuy":false}
{"kind":"order","ts":1784716293661,"orderId":"72905288","owner":"0x2b46C08Ca648e2334A1182D31228A79e2BEC1669","price":0.023807,"size":41980,"isBuy":true}
{"kind":"order","ts":1784716293661,"orderId":"72905289","owner":"0x2b46C08Ca648e2334A1182D31228A79e2BEC1669","price":0.02381,"size":41980,"isBuy":false}
{"kind":"order","ts":1784716296983,"orderId":"72905290","owner":"0x8Cf67893C236963233023B56AC56A185B042866F","price":0.023804,"size":20995,"isBuy":true}
{"kind":"order","ts":1784716297018,"orderId":"72905291","owner":"0x2b46C08Ca648e2334A1182D31228A79e2BEC1669","price":0.023807,"size":41980,"isBuy":true}
{"kind":"order","ts":1784716297018,"orderId":"72905292","owner":"0x2b46C08Ca648e2334A1182D31228A79e2BEC1669","price":0.02381,"size":41980,"isBuy":false}
{"kind":"order","ts":1784716297054,"orderId":"72905293","owner":"0x2b46C08Ca648e2334A1182D31228A79e2BEC1669","price":0.02381,"size":41975,"isBuy":true}
{"kind":"order","ts":1784716297069,"orderId":"72905294","owner":"0x2b46C08Ca648e2334A1182D31228A79e2BEC1669","price":0.023813,"size":41975,"isBuy":false}
{"kind":"order","ts":1784716297069,"orderId":"72905295","owner":"0x2b46C08Ca648e2334A1182D31228A79e2BEC1669","price":0.023804,"size":20987,"isBuy":true}
{"kind":"order","ts":1784716297069,"orderId":"72905296","owner":"0x2b46C08Ca648e2334A1182D31228A79e2BEC1669","price":0.023819,"size":20987,"isBuy":false}
{"kind":"order","ts":1784716300193,"orderId":"72905297","owner":"0x2b46C08Ca648e2334A1182D31228A79e2BEC1669","price":0.023809,"size":41977,"isBuy":true}
{"kind":"order","ts":1784716300193,"orderId":"72905298","owner":"0x2b46C08Ca648e2334A1182D31228A79e2BEC1669","price":0.023812,"size":41977,"isBuy":false}
{"kind":"order","ts":1784716300193,"orderId":"72905299","owner":"0x2b46C08Ca648e2334A1182D31228A79e2BEC1669","price":0.023803,"size":20988,"isBuy":true}
{"kind":"order","ts":1784716300193,"orderId":"72905300","owner":"0x2b46C08Ca648e2334A1182D31228A79e2BEC1669","price":0.023818,"size":20988,"isBuy":false}
{"kind":"order","ts":1784716300421,"orderId":"72905301","owner":"0x8Cf67893C236963233023B56AC56A185B042866F","price":0.023812,"size":20995,"isBuy":false}
{"kind":"order","ts":1784716300499,"orderId":"72905302","owner":"0x2b46C08Ca648e2334A1182D31228A79e2BEC1669","price":0.023809,"size":41977,"isBuy":true}
{"kind":"order","ts":1784716300499,"orderId":"72905303","owner":"0x2b46C08Ca648e2334A1182D31228A79e2BEC1669","price":0.023812,"size":41977,"isBuy":false}
{"kind":"order","ts":1784716302205,"orderId":"72905304","owner":"0x2b46C08Ca648e2334A1182D31228A79e2BEC1669","price":0.023808,"size":41979,"isBuy":true}
{"kind":"order","ts":1784716302209,"orderId":"72905305","owner":"0x2b46C08Ca648e2334A1182D31228A79e2BEC1669","price":0.02381,"size":41979,"isBuy":false}
{"kind":"order","ts":1784716302210,"orderId":"72905306","owner":"0x2b46C08Ca648e2334A1182D31228A79e2BEC1669","price":0.023801,"size":20989,"isBuy":true}
{"kind":"order","ts":1784716302211,"orderId":"72905307","owner":"0x2b46C08Ca648e2334A1182D31228A79e2BEC1669","price":0.023817,"size":20989,"isBuy":false}
{"kind":"order","ts":1784716304637,"orderId":"72905308","owner":"0x2b46C08Ca648e2334A1182D31228A79e2BEC1669","price":0.023808,"size":41979,"isBuy":true}
{"kind":"order","ts":1784716304643,"orderId":"72905309","owner":"0x2b46C08Ca648e2334A1182D31228A79e2BEC1669","price":0.02381,"size":41979,"isBuy":false}
{"kind":"order","ts":1784716306673,"orderId":"72905310","owner":"0x2b46C08Ca648e2334A1182D31228A79e2BEC1669","price":0.023808,"size":41979,"isBuy":true}
{"kind":"order","ts":1784716306673,"orderId":"72905311","owner":"0x2b46C08Ca648e2334A1182D31228A79e2BEC1669","price":0.02381,"size":41979,"isBuy":false}
{"kind":"order","ts":1784716306681,"orderId":"72905312","owner":"0x2b46C08Ca648e2334A1182D31228A79e2BEC1669","price":0.02381,"size":41974,"isBuy":true}
{"kind":"order","ts":1784716306682,"orderId":"72905313","owner":"0x2b46C08Ca648e2334A1182D31228A79e2BEC1669","price":0.023813,"size":41974,"isBuy":false}
{"kind":"order","ts":1784716306682,"orderId":"72905314","owner":"0x2b46C08Ca648e2334A1182D31228A79e2BEC1669","price":0.023804,"size":20987,"isBuy":true}
{"kind":"order","ts":1784716306682,"orderId":"72905315","owner":"0x2b46C08Ca648e2334A1182D31228A79e2BEC1669","price":0.023819,"size":20987,"isBuy":false}
{"kind":"order","ts":1784716308782,"orderId":"72905316","owner":"0x2b46C08Ca648e2334A1182D31228A79e2BEC1669","price":0.02381,"size":41974,"isBuy":true}
{"kind":"order","ts":1784716308790,"orderId":"72905317","owner":"0x2b46C08Ca648e2334A1182D31228A79e2BEC1669","price":0.023813,"size":41974,"isBuy":false}
{"kind":"order","ts":1784716309896,"orderId":"72905318","owner":"0x8Cf67893C236963233023B56AC56A185B042866F","price":0.023806,"size":20995,"isBuy":true}
{"kind":"order","ts":1784716309897,"orderId":"72905319","owner":"0x8Cf67893C236963233023B56AC56A185B042866F","price":0.023814,"size":20995,"isBuy":false}
{"kind":"order","ts":1784716310830,"orderId":"72905320","owner":"0x2b46C08Ca648e2334A1182D31228A79e2BEC1669","price":0.023809,"size":41976,"isBuy":true}
{"kind":"order","ts":1784716310833,"orderId":"72905321","owner":"0x2b46C08Ca648e2334A1182D31228A79e2BEC1669","price":0.023812,"size":41976,"isBuy":false}
{"kind":"order","ts":1784716310834,"orderId":"72905322","owner":"0x2b46C08Ca648e2334A1182D31228A79e2BEC1669","price":0.023803,"size":20988,"isBuy":true}
{"kind":"order","ts":1784716310834,"orderId":"72905323","owner":"0x2b46C08Ca648e2334A1182D31228A79e2BEC1669","price":0.023818,"size":20988,"isBuy":false}
{"kind":"order","ts":1784716313061,"orderId":"72905324","owner":"0x2b46C08Ca648e2334A1182D31228A79e2BEC1669","price":0.023809,"size":41976,"isBuy":true}
{"kind":"order","ts":1784716313062,"orderId":"72905325","owner":"0x2b46C08Ca648e2334A1182D31228A79e2BEC1669","price":0.023812,"size":41976,"isBuy":false}
{"kind":"order","ts":1784716313064,"orderId":"72905326","owner":"0x2b46C08Ca648e2334A1182D31228A79e2BEC1669","price":0.023803,"size":20988,"isBuy":true}
{"kind":"order","ts":1784716313064,"orderId":"72905327","owner":"0x2b46C08Ca648e2334A1182D31228A79e2BEC1669","price":0.023818,"size":20988,"isBuy":false}
{"kind":"order","ts":1784716316032,"orderId":"72905328","owner":"0x2b46C08Ca648e2334A1182D31228A79e2BEC1669","price":0.023809,"size":41976,"isBuy":true}
{"kind":"order","ts":1784716316032,"orderId":"72905329","owner":"0x2b46C08Ca648e2334A1182D31228A79e2BEC1669","price":0.023812,"size":41976,"isBuy":false}
{"kind":"trade","ts":1784716316043,"orderId":"72905318","isBuy":false,"price":0.023806,"updatedSize":16299.1961316601,"filledSize":4695.8038683399,"taker":"0x0a1c975e4b7dd47887D6E72757ad2C87E7ADca5A","maker":"0x8Cf67893C236963233023B56AC56A185B042866F"}
{"kind":"order","ts":1784716318352,"orderId":"72905330","owner":"0x2b46C08Ca648e2334A1182D31228A79e2BEC1669","price":0.023811,"size":41974,"isBuy":true}
{"kind":"order","ts":1784716318352,"orderId":"72905331","owner":"0x2b46C08Ca648e2334A1182D31228A79e2BEC1669","price":0.023814,"size":41974,"isBuy":false}
{"kind":"order","ts":1784716318354,"orderId":"72905332","owner":"0x2b46C08Ca648e2334A1182D31228A79e2BEC1669","price":0.023804,"size":20987,"isBuy":true}
{"kind":"order","ts":1784716318354,"orderId":"72905333","owner":"0x2b46C08Ca648e2334A1182D31228A79e2BEC1669","price":0.02382,"size":20987,"isBuy":false}
{"kind":"order","ts":1784716320589,"orderId":"72905334","owner":"0x2b46C08Ca648e2334A1182D31228A79e2BEC1669","price":0.02381,"size":41974,"isBuy":true}
{"kind":"order","ts":1784716320589,"orderId":"72905335","owner":"0x2b46C08Ca648e2334A1182D31228A79e2BEC1669","price":0.023813,"size":41974,"isBuy":false}
{"kind":"order","ts":1784716320630,"orderId":"72905336","owner":"0x2b46C08Ca648e2334A1182D31228A79e2BEC1669","price":0.023819,"size":20987,"isBuy":false}
{"kind":"order","ts":1784716321982,"orderId":"72905337","owner":"0x2b46C08Ca648e2334A1182D31228A79e2BEC1669","price":0.023809,"size":41976,"isBuy":true}
{"kind":"order","ts":1784716321984,"orderId":"72905338","owner":"0x2b46C08Ca648e2334A1182D31228A79e2BEC1669","price":0.023812,"size":41976,"isBuy":false}
{"kind":"order","ts":1784716321984,"orderId":"72905339","owner":"0x2b46C08Ca648e2334A1182D31228A79e2BEC1669","price":0.023803,"size":20988,"isBuy":true}
{"kind":"order","ts":1784716321984,"orderId":"72905340","owner":"0x2b46C08Ca648e2334A1182D31228A79e2BEC1669","price":0.023818,"size":20988,"isBuy":false}
{"kind":"order","ts":1784716322131,"orderId":"72905341","owner":"0xd0F8A6422CcdD812f29D8FB75CF5FCd41483BaDc","price":0.023822,"size":9826.0662259554,"isBuy":false}
{"kind":"order","ts":1784716322131,"orderId":"72905342","owner":"0xd0F8A6422CcdD812f29D8FB75CF5FCd41483BaDc","price":0.023823,"size":24565.1655648887,"isBuy":false}
{"kind":"order","ts":1784716322131,"orderId":"72905343","owner":"0xd0F8A6422CcdD812f29D8FB75CF5FCd41483BaDc","price":0.023828,"size":245651.655648887,"isBuy":false}
{"kind":"order","ts":1784716322132,"orderId":"72905344","owner":"0xd0F8A6422CcdD812f29D8FB75CF5FCd41483BaDc","price":0.023854,"size":491303.311297774,"isBuy":false}
{"kind":"order","ts":1784716324240,"orderId":"72905345","owner":"0x2b46C08Ca648e2334A1182D31228A79e2BEC1669","price":0.023809,"size":41976,"isBuy":true}
{"kind":"order","ts":1784716324242,"orderId":"72905346","owner":"0x2b46C08Ca648e2334A1182D31228A79e2BEC1669","price":0.023812,"size":41976,"isBuy":false}
{"kind":"order","ts":1784716326056,"orderId":"72905347","owner":"0x2b46C08Ca648e2334A1182D31228A79e2BEC1669","price":0.023809,"size":41976,"isBuy":true}
{"kind":"order","ts":1784716326056,"orderId":"72905348","owner":"0x2b46C08Ca648e2334A1182D31228A79e2BEC1669","price":0.023812,"size":41976,"isBuy":false}
{"kind":"order","ts":1784716327529,"orderId":"72905349","owner":"0x2b46C08Ca648e2334A1182D31228A79e2BEC1669","price":0.02381,"size":41976,"isBuy":true}
{"kind":"order","ts":1784716327533,"orderId":"72905350","owner":"0x2b46C08Ca648e2334A1182D31228A79e2BEC1669","price":0.023812,"size":41976,"isBuy":false}
{"kind":"order","ts":1784716327533,"orderId":"72905351","owner":"0x2b46C08Ca648e2334A1182D31228A79e2BEC1669","price":0.023819,"size":20988,"isBuy":false}
{"kind":"order","ts":1784716330792,"orderId":"72905352","owner":"0x2b46C08Ca648e2334A1182D31228A79e2BEC1669","price":0.023811,"size":41974,"isBuy":true}
{"kind":"order","ts":1784716330792,"orderId":"72905353","owner":"0x2b46C08Ca648e2334A1182D31228A79e2BEC1669","price":0.023814,"size":41974,"isBuy":false}
{"kind":"order","ts":1784716330792,"orderId":"72905354","owner":"0x2b46C08Ca648e2334A1182D31228A79e2BEC1669","price":0.023804,"size":20987,"isBuy":true}
{"kind":"order","ts":1784716330793,"orderId":"72905355","owner":"0x2b46C08Ca648e2334A1182D31228A79e2BEC1669","price":0.02382,"size":20987,"isBuy":false}
{"kind":"order","ts":1784716332592,"orderId":"72905356","owner":"0x2b46C08Ca648e2334A1182D31228A79e2BEC1669","price":0.023811,"size":41974,"isBuy":true}
{"kind":"order","ts":1784716332597,"orderId":"72905357","owner":"0x2b46C08Ca648e2334A1182D31228A79e2BEC1669","price":0.023814,"size":41974,"isBuy":false}
{"kind":"order","ts":1784716333686,"orderId":"72905358","owner":"0x2b46C08Ca648e2334A1182D31228A79e2BEC1669","price":0.02381,"size":41975,"isBuy":true}
{"kind":"order","ts":1784716333686,"orderId":"72905359","owner":"0x2b46C08Ca648e2334A1182D31228A79e2BEC1669","price":0.023813,"size":41975,"isBuy":false}
{"kind":"order","ts":1784716333686,"orderId":"72905360","owner":"0x2b46C08Ca648e2334A1182D31228A79e2BEC1669","price":0.023819,"size":20987,"isBuy":false}
{"kind":"order","ts":1784716336186,"orderId":"72905361","owner":"0x2b46C08Ca648e2334A1182D31228A79e2BEC1669","price":0.02381,"size":41975,"isBuy":true}
{"kind":"order","ts":1784716336188,"orderId":"72905362","owner":"0x2b46C08Ca648e2334A1182D31228A79e2BEC1669","price":0.023813,"size":41975,"isBuy":false}
{"kind":"order","ts":1784716336576,"orderId":"72905363","owner":"0x2b46C08Ca648e2334A1182D31228A79e2BEC1669","price":0.023818,"size":20966,"isBuy":true}
{"kind":"order","ts":1784716336576,"orderId":"72905364","owner":"0x2b46C08Ca648e2334A1182D31228A79e2BEC1669","price":0.023821,"size":41961,"isBuy":false}
{"kind":"order","ts":1784716336576,"orderId":"72905365","owner":"0x2b46C08Ca648e2334A1182D31228A79e2BEC1669","price":0.023812,"size":20980,"isBuy":true}
{"kind":"order","ts":1784716336579,"orderId":"72905366","owner":"0x2b46C08Ca648e2334A1182D31228A79e2BEC1669","price":0.023827,"size":20980,"isBuy":false}
{"kind":"order","ts":1784716336579,"orderId":"72905367","owner":"0xd0F8A6422CcdD812f29D8FB75CF5FCd41483BaDc","price":0.023833,"size":9824.5253988245,"isBuy":false}
{"kind":"order","ts":1784716336579,"orderId":"72905368","owner":"0xd0F8A6422CcdD812f29D8FB75CF5FCd41483BaDc","price":0.023835,"size":24561.3134970612,"isBuy":false}
{"kind":"order","ts":1784716336579,"orderId":"72905369","owner":"0xd0F8A6422CcdD812f29D8FB75CF5FCd41483BaDc","price":0.023839,"size":245613.1349706129,"isBuy":false}
{"kind":"order","ts":1784716336584,"orderId":"72905370","owner":"0xd0F8A6422CcdD812f29D8FB75CF5FCd41483BaDc","price":0.023866,"size":491226.2699412258,"isBuy":false}
{"kind":"trade","ts":1784716336584,"orderId":"72905319","isBuy":true,"price":0.023814,"updatedSize":0,"filledSize":20995,"taker":"0x2b46C08Ca648e2334A1182D31228A79e2BEC1669","maker":"0x8Cf67893C236963233023B56AC56A185B042866F"}
{"kind":"order","ts":1784716336742,"orderId":"72905371","owner":"0xd0F8A6422CcdD812f29D8FB75CF5FCd41483BaDc","price":0.023836,"size":9823.7554703043,"isBuy":false}
{"kind":"order","ts":1784716336744,"orderId":"72905372","owner":"0xd0F8A6422CcdD812f29D8FB75CF5FCd41483BaDc","price":0.023837,"size":24559.3886757607,"isBuy":false}
{"kind":"order","ts":1784716336799,"orderId":"72905373","owner":"0xd0F8A6422CcdD812f29D8FB75CF5FCd41483BaDc","price":0.023842,"size":245593.8867576075,"isBuy":false}
{"kind":"order","ts":1784716336801,"orderId":"72905374","owner":"0xd0F8A6422CcdD812f29D8FB75CF5FCd41483BaDc","price":0.023868,"size":491187.7735152151,"isBuy":false}
{"kind":"order","ts":1784716339214,"orderId":"72905375","owner":"0x2b46C08Ca648e2334A1182D31228A79e2BEC1669","price":0.023816,"size":41959,"isBuy":true}
{"kind":"order","ts":1784716339216,"orderId":"72905376","owner":"0x2b46C08Ca648e2334A1182D31228A79e2BEC1669","price":0.02382,"size":41959,"isBuy":false}
{"kind":"order","ts":1784716339216,"orderId":"72905377","owner":"0x2b46C08Ca648e2334A1182D31228A79e2BEC1669","price":0.02381,"size":20979,"isBuy":true}
{"kind":"order","ts":1784716339216,"orderId":"72905378","owner":"0x2b46C08Ca648e2334A1182D31228A79e2BEC1669","price":0.023825,"size":20979,"isBuy":false}
{"kind":"order","ts":1784716339986,"orderId":"72905379","owner":"0x8Cf67893C236963233023B56AC56A185B042866F","price":0.023816,"size":20995,"isBuy":true}
{"kind":"order","ts":1784716339987,"orderId":"72905380","owner":"0x8Cf67893C236963233023B56AC56A185B042866F","price":0.023824,"size":20995,"isBuy":false}
{"kind":"order","ts":1784716342508,"orderId":"72905381","owner":"0x2b46C08Ca648e2334A1182D31228A79e2BEC1669","price":0.023816,"size":41959,"isBuy":true}
{"kind":"order","ts":1784716342510,"orderId":"72905382","owner":"0x2b46C08Ca648e2334A1182D31228A79e2BEC1669","price":0.023819,"size":41959,"isBuy":false}
{"kind":"trade","ts":1784716342510,"orderId":"72905379","isBuy":false,"price":0.023816,"updatedSize":12890.6709623355,"filledSize":8104.3290376645,"taker":"0x553037Bac82741e7CA05AfB48e8538996fD70ECa","maker":"0x8Cf67893C236963233023B56AC56A185B042866F"}
{"kind":"trade","ts":1784716342821,"orderId":"72905379","isBuy":false,"price":0.023816,"updatedSize":12673.7513660234,"filledSize":216.9195963121,"taker":"0x1c1823f6021E5Cf930B8223305321042a5a2BB0e","maker":"0x8Cf67893C236963233023B56AC56A185B042866F"}
{"kind":"order","ts":1784716344811,"orderId":"72905383","owner":"0x2b46C08Ca648e2334A1182D31228A79e2BEC1669","price":0.023816,"size":41960,"isBuy":true}
{"kind":"order","ts":1784716344811,"orderId":"72905384","owner":"0x2b46C08Ca648e2334A1182D31228A79e2BEC1669","price":0.023818,"size":41960,"isBuy":false}
{"kind":"order","ts":1784716344811,"orderId":"72905385","owner":"0x2b46C08Ca648e2334A1182D31228A79e2BEC1669","price":0.023809,"size":20980,"isBuy":true}
{"kind":"order","ts":1784716346544,"orderId":"72905386","owner":"0x2b46C08Ca648e2334A1182D31228A79e2BEC1669","price":0.023816,"size":41960,"isBuy":true}
{"kind":"order","ts":1784716346544,"orderId":"72905387","owner":"0x2b46C08Ca648e2334A1182D31228A79e2BEC1669","price":0.023818,"size":41960,"isBuy":false}
{"kind":"order","ts":1784716347697,"orderId":"72905388","owner":"0x2b46C08Ca648e2334A1182D31228A79e2BEC1669","price":0.023816,"size":41959,"isBuy":true}
{"kind":"order","ts":1784716347698,"orderId":"72905389","owner":"0x2b46C08Ca648e2334A1182D31228A79e2BEC1669","price":0.023819,"size":41959,"isBuy":false}
{"kind":"order","ts":1784716347699,"orderId":"72905390","owner":"0x2b46C08Ca648e2334A1182D31228A79e2BEC1669","price":0.02381,"size":20979,"isBuy":true}
{"kind":"order","ts":1784716350198,"orderId":"72905391","owner":"0x2b46C08Ca648e2334A1182D31228A79e2BEC1669","price":0.023816,"size":41959,"isBuy":true}
{"kind":"order","ts":1784716350219,"orderId":"72905392","owner":"0x2b46C08Ca648e2334A1182D31228A79e2BEC1669","price":0.023819,"size":41959,"isBuy":false}
{"kind":"order","ts":1784716351513,"orderId":"72905393","owner":"0x2b46C08Ca648e2334A1182D31228A79e2BEC1669","price":0.023817,"size":41958,"isBuy":true}
{"kind":"order","ts":1784716351516,"orderId":"72905394","owner":"0x2b46C08Ca648e2334A1182D31228A79e2BEC1669","price":0.023819,"size":41958,"isBuy":false}
{"kind":"order","ts":1784716351516,"orderId":"72905395","owner":"0x2b46C08Ca648e2334A1182D31228A79e2BEC1669","price":0.023826,"size":20979,"isBuy":false}
{"kind":"order","ts":1784716352853,"orderId":"72905396","owner":"0x2b46C08Ca648e2334A1182D31228A79e2BEC1669","price":0.023817,"size":41957,"isBuy":true}
{"kind":"order","ts":1784716352853,"orderId":"72905397","owner":"0x2b46C08Ca648e2334A1182D31228A79e2BEC1669","price":0.02382,"size":41957,"isBuy":false}
{"kind":"order","ts":1784716352853,"orderId":"72905398","owner":"0x2b46C08Ca648e2334A1182D31228A79e2BEC1669","price":0.023811,"size":20978,"isBuy":true}
{"kind":"order","ts":1784716353278,"orderId":"72905399","owner":"0xd0F8A6422CcdD812f29D8FB75CF5FCd41483BaDc","price":0.023827,"size":9823.7554703043,"isBuy":false}
{"kind":"order","ts":1784716353278,"orderId":"72905400","owner":"0xd0F8A6422CcdD812f29D8FB75CF5FCd41483BaDc","price":0.023828,"size":24559.3886757607,"isBuy":false}
{"kind":"order","ts":1784716353282,"orderId":"72905401","owner":"0xd0F8A6422CcdD812f29D8FB75CF5FCd41483BaDc","price":0.023833,"size":245593.8867576075,"isBuy":false}
{"kind":"order","ts":1784716353282,"orderId":"72905402","owner":"0xd0F8A6422CcdD812f29D8FB75CF5FCd41483BaDc","price":0.023859,"size":491187.7735152151,"isBuy":false}
{"kind":"order","ts":1784716353701,"orderId":"72905403","owner":"0x2b46C08Ca648e2334A1182D31228A79e2BEC1669","price":0.023813,"size":41965,"isBuy":true}
{"kind":"order","ts":1784716353702,"orderId":"72905404","owner":"0x2b46C08Ca648e2334A1182D31228A79e2BEC1669","price":0.023816,"size":29291.2486339766,"isBuy":false}
{"kind":"order","ts":1784716353702,"orderId":"72905405","owner":"0x2b46C08Ca648e2334A1182D31228A79e2BEC1669","price":0.023806,"size":20982,"isBuy":true}
{"kind":"order","ts":1784716353702,"orderId":"72905406","owner":"0x2b46C08Ca648e2334A1182D31228A79e2BEC1669","price":0.023822,"size":20982,"isBuy":false}
{"kind":"trade","ts":1784716353702,"orderId":"72905379","isBuy":false,"price":0.023816,"updatedSize":0,"filledSize":12673.7513660234,"taker":"0x2b46C08Ca648e2334A1182D31228A79e2BEC1669","maker":"0x8Cf67893C236963233023B56AC56A185B042866F"}
{"kind":"order","ts":1784716354483,"orderId":"72905407","owner":"0x2b46C08Ca648e2334A1182D31228A79e2BEC1669","price":0.023816,"size":41963,"isBuy":true}
{"kind":"order","ts":1784716354483,"orderId":"72905408","owner":"0x2b46C08Ca648e2334A1182D31228A79e2BEC1669","price":0.023818,"size":41963,"isBuy":false}
{"kind":"order","ts":1784716354483,"orderId":"72905409","owner":"0x2b46C08Ca648e2334A1182D31228A79e2BEC1669","price":0.023809,"size":20981,"isBuy":true}
{"kind":"order","ts":1784716354483,"orderId":"72905410","owner":"0x2b46C08Ca648e2334A1182D31228A79e2BEC1669","price":0.023825,"size":20981,"isBuy":false}
{"kind":"order","ts":1784716354855,"orderId":"72905411","owner":"0x8Cf67893C236963233023B56AC56A185B042866F","price":0.023815,"size":20987,"isBuy":true}
{"kind":"order","ts":1784716356489,"orderId":"72905412","owner":"0x2b46C08Ca648e2334A1182D31228A79e2BEC1669","price":0.023815,"size":41963,"isBuy":true}
{"kind":"order","ts":1784716356495,"orderId":"72905413","owner":"0x2b46C08Ca648e2334A1182D31228A79e2BEC1669","price":0.023818,"size":41963,"isBuy":false}
{"kind":"order","ts":1784716356495,"orderId":"72905414","owner":"0x2b46C08Ca648e2334A1182D31228A79e2BEC1669","price":0.023824,"size":20981,"isBuy":false}
{"kind":"trade","ts":1784716358102,"orderId":"72905411","isBuy":false,"price":0.023815,"updatedSize":13872.7315008104,"filledSize":7114.2684991896,"taker":"0x553037Bac82741e7CA05AfB48e8538996fD70ECa","maker":"0x8Cf67893C236963233023B56AC56A185B042866F"}
{"kind":"order","ts":1784716358597,"orderId":"72905415","owner":"0x2b46C08Ca648e2334A1182D31228A79e2BEC1669","price":0.023816,"size":41962,"isBuy":true}
{"kind":"order","ts":1784716358597,"orderId":"72905416","owner":"0x2b46C08Ca648e2334A1182D31228A79e2BEC1669","price":0.023819,"size":41962,"isBuy":false}
{"kind":"order","ts":1784716358618,"orderId":"72905417","owner":"0x2b46C08Ca648e2334A1182D31228A79e2BEC1669","price":0.02381,"size":20981,"isBuy":true}
{"kind":"order","ts":1784716358618,"orderId":"72905418","owner":"0x2b46C08Ca648e2334A1182D31228A79e2BEC1669","price":0.023825,"size":20981,"isBuy":false}
{"kind":"order","ts":1784716359856,"orderId":"72905419","owner":"0xd0F8A6422CcdD812f29D8FB75CF5FCd41483BaDc","price":0.023819,"size":9824.5253988245,"isBuy":false}
{"kind":"order","ts":1784716359858,"orderId":"72905420","owner":"0xd0F8A6422CcdD812f29D8FB75CF5FCd41483BaDc","price":0.023821,"size":24561.3134970612,"isBuy":false}
{"kind":"order","ts":1784716359862,"orderId":"72905421","owner":"0xd0F8A6422CcdD812f29D8FB75CF5FCd41483BaDc","price":0.023825,"size":245613.1349706129,"isBuy":false}
{"kind":"order","ts":1784716359862,"orderId":"72905422","owner":"0xd0F8A6422CcdD812f29D8FB75CF5FCd41483BaDc","price":0.023852,"size":491226.2699412258,"isBuy":false}
{"kind":"order","ts":1784716359904,"orderId":"72905423","owner":"0x2b46C08Ca648e2334A1182D31228A79e2BEC1669","price":0.023811,"size":41970,"isBuy":true}
{"kind":"order","ts":1784716359909,"orderId":"72905424","owner":"0x2b46C08Ca648e2334A1182D31228A79e2BEC1669","price":0.023814,"size":41970,"isBuy":false}
{"kind":"order","ts":1784716359909,"orderId":"72905425","owner":"0x2b46C08Ca648e2334A1182D31228A79e2BEC1669","price":0.023805,"size":20985,"isBuy":true}
{"kind":"order","ts":1784716359959,"orderId":"72905426","owner":"0x2b46C08Ca648e2334A1182D31228A79e2BEC1669","price":0.02382,"size":20985,"isBuy":false}
{"kind":"trade","ts":1784716359978,"orderId":"72905411","isBuy":false,"price":0.023815,"updatedSize":0,"filledSize":13872.7315008104,"taker":"0x553037Bac82741e7CA05AfB48e8538996fD70ECa","maker":"0x8Cf67893C236963233023B56AC56A185B042866F"}
{"kind":"trade","ts":1784716360017,"orderId":"72905417","isBuy":false,"price":0.02381,"updatedSize":42.1409543206,"filledSize":20938.8590456794,"taker":"0x553037Bac82741e7CA05AfB48e8538996fD70ECa","maker":"0x2b46C08Ca648e2334A1182D31228A79e2BEC1669"}
{"kind":"order","ts":1784716360260,"orderId":"72905427","owner":"0x8Cf67893C236963233023B56AC56A185B042866F","price":0.023802,"size":20987,"isBuy":true}
{"kind":"order","ts":1784716360696,"orderId":"72905428","owner":"0xd0F8A6422CcdD812f29D8FB75CF5FCd41483BaDc","price":0.023816,"size":9824.5253988245,"isBuy":false}
{"kind":"order","ts":1784716360698,"orderId":"72905429","owner":"0xd0F8A6422CcdD812f29D8FB75CF5FCd41483BaDc","price":0.023818,"size":24561.3134970612,"isBuy":false}
{"kind":"order","ts":1784716360716,"orderId":"72905430","owner":"0xd0F8A6422CcdD812f29D8FB75CF5FCd41483BaDc","price":0.023823,"size":245613.1349706129,"isBuy":false}
{"kind":"order","ts":1784716360717,"orderId":"72905431","owner":"0xd0F8A6422CcdD812f29D8FB75CF5FCd41483BaDc","price":0.023849,"size":491226.2699412258,"isBuy":false}
{"kind":"order","ts":1784716360756,"orderId":"72905432","owner":"0x2b46C08Ca648e2334A1182D31228A79e2BEC1669","price":0.023807,"size":39088,"isBuy":true}
{"kind":"order","ts":1784716360760,"orderId":"72905433","owner":"0x2b46C08Ca648e2334A1182D31228A79e2BEC1669","price":0.023812,"size":41972,"isBuy":false}
{"kind":"order","ts":1784716360760,"orderId":"72905434","owner":"0x2b46C08Ca648e2334A1182D31228A79e2BEC1669","price":0.023801,"size":20986,"isBuy":true}
{"kind":"order","ts":1784716360779,"orderId":"72905435","owner":"0x2b46C08Ca648e2334A1182D31228A79e2BEC1669","price":0.023816,"size":20986,"isBuy":false}
{"kind":"order","ts":1784716362009,"orderId":"72905436","owner":"0xd0F8A6422CcdD812f29D8FB75CF5FCd41483BaDc","price":0.023818,"size":9826.0662259554,"isBuy":false}
{"kind":"order","ts":1784716362009,"orderId":"72905437","owner":"0xd0F8A6422CcdD812f29D8FB75CF5FCd41483BaDc","price":0.02382,"size":24565.1655648887,"isBuy":false}
{"kind":"order","ts":1784716362009,"orderId":"72905438","owner":"0xd0F8A6422CcdD812f29D8FB75CF5FCd41483BaDc","price":0.023824,"size":245651.655648887,"isBuy":false}
{"kind":"order","ts":1784716362010,"orderId":"72905439","owner":"0xd0F8A6422CcdD812f29D8FB75CF5FCd41483BaDc","price":0.023851,"size":491303.311297774,"isBuy":false}
{"kind":"order","ts":1784716362305,"orderId":"72905440","owner":"0xd0F8A6422CcdD812f29D8FB75CF5FCd41483BaDc","price":0.023822,"size":9826.0662259554,"isBuy":false}
{"kind":"order","ts":1784716362306,"orderId":"72905441","owner":"0xd0F8A6422CcdD812f29D8FB75CF5FCd41483BaDc","price":0.023823,"size":24565.1655648887,"isBuy":false}
{"kind":"order","ts":1784716362306,"orderId":"72905442","owner":"0xd0F8A6422CcdD812f29D8FB75CF5FCd41483BaDc","price":0.023828,"size":245651.655648887,"isBuy":false}
{"kind":"order","ts":1784716362306,"orderId":"72905443","owner":"0xd0F8A6422CcdD812f29D8FB75CF5FCd41483BaDc","price":0.023854,"size":491303.311297774,"isBuy":false}
{"kind":"order","ts":1784716363149,"orderId":"72905444","owner":"0xd0F8A6422CcdD812f29D8FB75CF5FCd41483BaDc","price":0.023824,"size":9826.0662259554,"isBuy":false}
{"kind":"order","ts":1784716363149,"orderId":"72905445","owner":"0xd0F8A6422CcdD812f29D8FB75CF5FCd41483BaDc","price":0.023825,"size":24565.1655648887,"isBuy":false}
{"kind":"order","ts":1784716363149,"orderId":"72905446","owner":"0xd0F8A6422CcdD812f29D8FB75CF5FCd41483BaDc","price":0.02383,"size":245651.655648887,"isBuy":false}
{"kind":"order","ts":1784716363149,"orderId":"72905447","owner":"0xd0F8A6422CcdD812f29D8FB75CF5FCd41483BaDc","price":0.023856,"size":491303.311297774,"isBuy":false}
{"kind":"order","ts":1784716363149,"orderId":"72905448","owner":"0x2b46C08Ca648e2334A1182D31228A79e2BEC1669","price":0.023808,"size":39089,"isBuy":true}
{"kind":"order","ts":1784716363149,"orderId":"72905449","owner":"0x2b46C08Ca648e2334A1182D31228A79e2BEC1669","price":0.023813,"size":41971,"isBuy":false}
{"kind":"order","ts":1784716363149,"orderId":"72905450","owner":"0x2b46C08Ca648e2334A1182D31228A79e2BEC1669","price":0.023802,"size":20985,"isBuy":true}
{"kind":"order","ts":1784716363149,"orderId":"72905451","owner":"0x2b46C08Ca648e2334A1182D31228A79e2BEC1669","price":0.023817,"size":20985,"isBuy":false}
{"kind":"order","ts":1784716363279,"orderId":"72905452","owner":"0xd0F8A6422CcdD812f29D8FB75CF5FCd41483BaDc","price":0.023826,"size":9826.0662259554,"isBuy":false}
{"kind":"order","ts":1784716363279,"orderId":"72905453","owner":"0xd0F8A6422CcdD812f29D8FB75CF5FCd41483BaDc","price":0.023827,"size":24565.1655648887,"isBuy":false}
{"kind":"order","ts":1784716363279,"orderId":"72905454","owner":"0xd0F8A6422CcdD812f29D8FB75CF5FCd41483BaDc","price":0.023832,"size":245651.655648887,"isBuy":false}
{"kind":"order","ts":1784716363279,"orderId":"72905455","owner":"0xd0F8A6422CcdD812f29D8FB75CF5FCd41483BaDc","price":0.023858,"size":491303.311297774,"isBuy":false}
{"kind":"order","ts":1784716369426,"orderId":"72905456","owner":"0x2b46C08Ca648e2334A1182D31228A79e2BEC1669","price":0.023808,"size":39089,"isBuy":true}
{"kind":"order","ts":1784716369619,"orderId":"72905457","owner":"0x2b46C08Ca648e2334A1182D31228A79e2BEC1669","price":0.023813,"size":41971,"isBuy":false}
{"kind":"order","ts":1784716369619,"orderId":"72905458","owner":"0x2b46C08Ca648e2334A1182D31228A79e2BEC1669","price":0.023801,"size":20985,"isBuy":true}
{"kind":"order","ts":1784716370346,"orderId":"72905459","owner":"0x8Cf67893C236963233023B56AC56A185B042866F","price":0.023804,"size":20995,"isBuy":true}
{"kind":"order","ts":1784716370346,"orderId":"72905460","owner":"0x8Cf67893C236963233023B56AC56A185B042866F","price":0.023812,"size":20995,"isBuy":false}
{"kind":"order","ts":1784716370517,"orderId":"72905461","owner":"0x2b46C08Ca648e2334A1182D31228A79e2BEC1669","price":0.023808,"size":39089,"isBuy":true}
{"kind":"order","ts":1784716370549,"orderId":"72905462","owner":"0x2b46C08Ca648e2334A1182D31228A79e2BEC1669","price":0.023813,"size":41971,"isBuy":false}
{"kind":"order","ts":1784716371514,"orderId":"72905463","owner":"0x2b46C08Ca648e2334A1182D31228A79e2BEC1669","price":0.023808,"size":39089,"isBuy":true}
{"kind":"order","ts":1784716371515,"orderId":"72905464","owner":"0x2b46C08Ca648e2334A1182D31228A79e2BEC1669","price":0.023813,"size":41971,"isBuy":false}
{"kind":"order","ts":1784716371621,"orderId":"72905465","owner":"0x2b46C08Ca648e2334A1182D31228A79e2BEC1669","price":0.023808,"size":39088,"isBuy":true}
{"kind":"order","ts":1784716371646,"orderId":"72905466","owner":"0x2b46C08Ca648e2334A1182D31228A79e2BEC1669","price":0.023813,"size":41972,"isBuy":false}
{"kind":"order","ts":1784716371649,"orderId":"72905467","owner":"0x2b46C08Ca648e2334A1182D31228A79e2BEC1669","price":0.023801,"size":20986,"isBuy":true}
{"kind":"order","ts":1784716371649,"orderId":"72905468","owner":"0x2b46C08Ca648e2334A1182D31228A79e2BEC1669","price":0.023817,"size":20986,"isBuy":false}
{"kind":"order","ts":1784716373203,"orderId":"72905469","owner":"0x2b46C08Ca648e2334A1182D31228A79e2BEC1669","price":0.023807,"size":39088,"isBuy":true}
{"kind":"order","ts":1784716373203,"orderId":"72905470","owner":"0x2b46C08Ca648e2334A1182D31228A79e2BEC1669","price":0.023813,"size":41972,"isBuy":false}
{"kind":"order","ts":1784716373203,"orderId":"72905471","owner":"0x2b46C08Ca648e2334A1182D31228A79e2BEC1669","price":0.023801,"size":20986,"isBuy":true}
{"kind":"order","ts":1784716373203,"orderId":"72905472","owner":"0x2b46C08Ca648e2334A1182D31228A79e2BEC1669","price":0.023817,"size":20986,"isBuy":false}
{"kind":"order","ts":1784716373206,"orderId":"72905473","owner":"0x2b46C08Ca648e2334A1182D31228A79e2BEC1669","price":0.023803,"size":39084,"isBuy":true}
{"kind":"order","ts":1784716373206,"orderId":"72905474","owner":"0x2b46C08Ca648e2334A1182D31228A79e2BEC1669","price":0.023808,"size":41980,"isBuy":false}
{"kind":"order","ts":1784716373206,"orderId":"72905475","owner":"0x2b46C08Ca648e2334A1182D31228A79e2BEC1669","price":0.023797,"size":20990,"isBuy":true}
{"kind":"order","ts":1784716373208,"orderId":"72905476","owner":"0x2b46C08Ca648e2334A1182D31228A79e2BEC1669","price":0.023812,"size":20990,"isBuy":false}
{"kind":"order","ts":1784716373208,"orderId":"72905477","owner":"0xd0F8A6422CcdD812f29D8FB75CF5FCd41483BaDc","price":0.023819,"size":9826.0662259554,"isBuy":false}
{"kind":"order","ts":1784716373208,"orderId":"72905478","owner":"0xd0F8A6422CcdD812f29D8FB75CF5FCd41483BaDc","price":0.02382,"size":24565.1655648887,"isBuy":false}
{"kind":"order","ts":1784716373210,"orderId":"72905479","owner":"0xd0F8A6422CcdD812f29D8FB75CF5FCd41483BaDc","price":0.023825,"size":245651.655648887,"isBuy":false}
{"kind":"order","ts":1784716373215,"orderId":"72905480","owner":"0xd0F8A6422CcdD812f29D8FB75CF5FCd41483BaDc","price":0.023851,"size":491303.311297774,"isBuy":false}
{"kind":"order","ts":1784716374094,"orderId":"72905481","owner":"0x2b46C08Ca648e2334A1182D31228A79e2BEC1669","price":0.023806,"size":39087,"isBuy":true}
{"kind":"order","ts":1784716374097,"orderId":"72905482","owner":"0x2b46C08Ca648e2334A1182D31228A79e2BEC1669","price":0.023811,"size":41975,"isBuy":false}
{"kind":"order","ts":1784716374097,"orderId":"72905483","owner":"0x2b46C08Ca648e2334A1182D31228A79e2BEC1669","price":0.0238,"size":20987,"isBuy":true}
{"kind":"order","ts":1784716374098,"orderId":"72905484","owner":"0x2b46C08Ca648e2334A1182D31228A79e2BEC1669","price":0.023815,"size":20987,"isBuy":false}
{"kind":"order","ts":1784716374909,"orderId":"72905485","owner":"0x8Cf67893C236963233023B56AC56A185B042866F","price":0.023801,"size":20995,"isBuy":true}
{"kind":"order","ts":1784716374909,"orderId":"72905486","owner":"0x8Cf67893C236963233023B56AC56A185B042866F","price":0.02381,"size":20995,"isBuy":false}
{"kind":"order","ts":1784716376158,"orderId":"72905487","owner":"0x2b46C08Ca648e2334A1182D31228A79e2BEC1669","price":0.023806,"size":39087,"isBuy":true}
{"kind":"order","ts":1784716376160,"orderId":"72905488","owner":"0x2b46C08Ca648e2334A1182D31228A79e2BEC1669","price":0.023809,"size":41975,"isBuy":false}
{"kind":"order","ts":1784716378098,"orderId":"72905489","owner":"0x2b46C08Ca648e2334A1182D31228A79e2BEC1669","price":0.023806,"size":39087,"isBuy":true}
{"kind":"order","ts":1784716378100,"orderId":"72905490","owner":"0x2b46C08Ca648e2334A1182D31228A79e2BEC1669","price":0.023809,"size":41974,"isBuy":false}
{"kind":"order","ts":1784716379868,"orderId":"72905491","owner":"0xd0F8A6422CcdD812f29D8FB75CF5FCd41483BaDc","price":0.02382,"size":9826.0662259554,"isBuy":false}
{"kind":"order","ts":1784716379868,"orderId":"72905492","owner":"0xd0F8A6422CcdD812f29D8FB75CF5FCd41483BaDc","price":0.023822,"size":24565.1655648887,"isBuy":false}
{"kind":"order","ts":1784716379869,"orderId":"72905493","owner":"0xd0F8A6422CcdD812f29D8FB75CF5FCd41483BaDc","price":0.023827,"size":245651.655648887,"isBuy":false}
{"kind":"order","ts":1784716379869,"orderId":"72905494","owner":"0xd0F8A6422CcdD812f29D8FB75CF5FCd41483BaDc","price":0.023853,"size":491303.311297774,"isBuy":false}
{"kind":"order","ts":1784716380459,"orderId":"72905495","owner":"0x2b46C08Ca648e2334A1182D31228A79e2BEC1669","price":0.023807,"size":39088,"isBuy":true}
{"kind":"order","ts":1784716380459,"orderId":"72905496","owner":"0x2b46C08Ca648e2334A1182D31228A79e2BEC1669","price":0.023809,"size":41973,"isBuy":false}
{"kind":"order","ts":1784716380459,"orderId":"72905497","owner":"0x2b46C08Ca648e2334A1182D31228A79e2BEC1669","price":0.023816,"size":20986,"isBuy":false}
{"kind":"order","ts":1784716380459,"orderId":"72905498","owner":"0x8Cf67893C236963233023B56AC56A185B042866F","price":0.023805,"size":20995,"isBuy":true}
{"kind":"order","ts":1784716380459,"orderId":"72905499","owner":"0x8Cf67893C236963233023B56AC56A185B042866F","price":0.023813,"size":20995,"isBuy":false}
{"kind":"order","ts":1784716382527,"orderId":"72905500","owner":"0x2b46C08Ca648e2334A1182D31228A79e2BEC1669","price":0.023805,"size":39086,"isBuy":true}
{"kind":"order","ts":1784716382527,"orderId":"72905501","owner":"0x2b46C08Ca648e2334A1182D31228A79e2BEC1669","price":0.023808,"size":41976,"isBuy":false}
{"kind":"order","ts":1784716382528,"orderId":"72905502","owner":"0x2b46C08Ca648e2334A1182D31228A79e2BEC1669","price":0.023799,"size":20988,"isBuy":true}
{"kind":"order","ts":1784716382529,"orderId":"72905503","owner":"0x2b46C08Ca648e2334A1182D31228A79e2BEC1669","price":0.023814,"size":20988,"isBuy":false}
{"kind":"order","ts":1784716384591,"orderId":"72905504","owner":"0x2b46C08Ca648e2334A1182D31228A79e2BEC1669","price":0.023805,"size":39086,"isBuy":true}
{"kind":"order","ts":1784716384616,"orderId":"72905505","owner":"0x2b46C08Ca648e2334A1182D31228A79e2BEC1669","price":0.023808,"size":41976,"isBuy":false}
{"kind":"order","ts":1784716384993,"orderId":"72905506","owner":"0x8Cf67893C236963233023B56AC56A185B042866F","price":0.023802,"size":20995,"isBuy":true}
{"kind":"order","ts":1784716385002,"orderId":"72905507","owner":"0x8Cf67893C236963233023B56AC56A185B042866F","price":0.02381,"size":20995,"isBuy":false}
{"kind":"order","ts":1784716386595,"orderId":"72905508","owner":"0x2b46C08Ca648e2334A1182D31228A79e2BEC1669","price":0.023805,"size":39086,"isBuy":true}
{"kind":"order","ts":1784716386595,"orderId":"72905509","owner":"0x2b46C08Ca648e2334A1182D31228A79e2BEC1669","price":0.023808,"size":41976,"isBuy":false}
{"kind":"order","ts":1784716388557,"orderId":"72905510","owner":"0x2b46C08Ca648e2334A1182D31228A79e2BEC1669","price":0.023805,"size":39086,"isBuy":true}
{"kind":"order","ts":1784716388557,"orderId":"72905511","owner":"0x2b46C08Ca648e2334A1182D31228A79e2BEC1669","price":0.023808,"size":41976,"isBuy":false}
{"kind":"order","ts":1784716390714,"orderId":"72905512","owner":"0x2b46C08Ca648e2334A1182D31228A79e2BEC1669","price":0.023805,"size":39086,"isBuy":true}
{"kind":"order","ts":1784716390716,"orderId":"72905513","owner":"0x2b46C08Ca648e2334A1182D31228A79e2BEC1669","price":0.023808,"size":41976,"isBuy":false}
{"kind":"order","ts":1784716392767,"orderId":"72905514","owner":"0x2b46C08Ca648e2334A1182D31228A79e2BEC1669","price":0.023806,"size":39087,"isBuy":true}
{"kind":"order","ts":1784716392772,"orderId":"72905515","owner":"0x2b46C08Ca648e2334A1182D31228A79e2BEC1669","price":0.023809,"size":41974,"isBuy":false}
{"kind":"order","ts":1784716392786,"orderId":"72905516","owner":"0x2b46C08Ca648e2334A1182D31228A79e2BEC1669","price":0.0238,"size":20987,"isBuy":true}
{"kind":"order","ts":1784716392786,"orderId":"72905517","owner":"0x2b46C08Ca648e2334A1182D31228A79e2BEC1669","price":0.023815,"size":20987,"isBuy":false}
{"kind":"trade","ts":1784716394225,"orderId":"72905506","isBuy":false,"price":0.023802,"updatedSize":11996,"filledSize":8999,"taker":"0x2f84FB8982073f39Ba47c7fcC29119aF074AbbcB","maker":"0x8Cf67893C236963233023B56AC56A185B042866F"}
{"kind":"order","ts":1784716394810,"orderId":"72905518","owner":"0x2b46C08Ca648e2334A1182D31228A79e2BEC1669","price":0.023806,"size":39087,"isBuy":true}
{"kind":"order","ts":1784716394810,"orderId":"72905519","owner":"0x2b46C08Ca648e2334A1182D31228A79e2BEC1669","price":0.023809,"size":41974,"isBuy":false}
{"kind":"order","ts":1784716396591,"orderId":"72905520","owner":"0x2b46C08Ca648e2334A1182D31228A79e2BEC1669","price":0.023806,"size":39088,"isBuy":true}
{"kind":"order","ts":1784716396594,"orderId":"72905521","owner":"0x2b46C08Ca648e2334A1182D31228A79e2BEC1669","price":0.023809,"size":41973,"isBuy":false}
{"kind":"order","ts":1784716396594,"orderId":"72905522","owner":"0x2b46C08Ca648e2334A1182D31228A79e2BEC1669","price":0.023816,"size":20986,"isBuy":false}
{"kind":"order","ts":1784716399533,"orderId":"72905523","owner":"0x2b46C08Ca648e2334A1182D31228A79e2BEC1669","price":0.023807,"size":39088,"isBuy":true}
{"kind":"order","ts":1784716399533,"orderId":"72905524","owner":"0x2b46C08Ca648e2334A1182D31228A79e2BEC1669","price":0.023809,"size":41973,"isBuy":false}
{"kind":"order","ts":1784716399533,"orderId":"72905525","owner":"0x2b46C08Ca648e2334A1182D31228A79e2BEC1669","price":0.0238,"size":20986,"isBuy":true}
{"kind":"order","ts":1784716399533,"orderId":"72905526","owner":"0x2b46C08Ca648e2334A1182D31228A79e2BEC1669","price":0.023816,"size":20986,"isBuy":false}
{"kind":"order","ts":1784716399857,"orderId":"72905527","owner":"0x8Cf67893C236963233023B56AC56A185B042866F","price":0.023804,"size":21004,"isBuy":true}
{"kind":"order","ts":1784716399857,"orderId":"72905528","owner":"0x8Cf67893C236963233023B56AC56A185B042866F","price":0.023812,"size":21004,"isBuy":false}
{"kind":"order","ts":1784716401030,"orderId":"72905529","owner":"0x2b46C08Ca648e2334A1182D31228A79e2BEC1669","price":0.023807,"size":39088,"isBuy":true}
{"kind":"order","ts":1784716401036,"orderId":"72905530","owner":"0x2b46C08Ca648e2334A1182D31228A79e2BEC1669","price":0.023809,"size":41973,"isBuy":false}
{"kind":"order","ts":1784716401036,"orderId":"72905531","owner":"0x2b46C08Ca648e2334A1182D31228A79e2BEC1669","price":0.0238,"size":20986,"isBuy":true}
{"kind":"order","ts":1784716401037,"orderId":"72905532","owner":"0x2b46C08Ca648e2334A1182D31228A79e2BEC1669","price":0.023816,"size":20986,"isBuy":false}
{"kind":"order","ts":1784716403051,"orderId":"72905533","owner":"0x2b46C08Ca648e2334A1182D31228A79e2BEC1669","price":0.023807,"size":39088,"isBuy":true}
{"kind":"order","ts":1784716403053,"orderId":"72905534","owner":"0x2b46C08Ca648e2334A1182D31228A79e2BEC1669","price":0.023809,"size":41973,"isBuy":false}
{"kind":"order","ts":1784716405536,"orderId":"72905535","owner":"0x2b46C08Ca648e2334A1182D31228A79e2BEC1669","price":0.023807,"size":39088,"isBuy":true}
{"kind":"order","ts":1784716405537,"orderId":"72905536","owner":"0x2b46C08Ca648e2334A1182D31228A79e2BEC1669","price":0.023809,"size":41973,"isBuy":false}
{"kind":"order","ts":1784716407638,"orderId":"72905537","owner":"0x2b46C08Ca648e2334A1182D31228A79e2BEC1669","price":0.023806,"size":39088,"isBuy":true}
{"kind":"order","ts":1784716407638,"orderId":"72905538","owner":"0x2b46C08Ca648e2334A1182D31228A79e2BEC1669","price":0.023809,"size":41973,"isBuy":false}
{"kind":"order","ts":1784716407848,"orderId":"72905539","owner":"0xd0F8A6422CcdD812f29D8FB75CF5FCd41483BaDc","price":0.023813,"size":9826.0662259554,"isBuy":false}
{"kind":"order","ts":1784716407848,"orderId":"72905540","owner":"0xd0F8A6422CcdD812f29D8FB75CF5FCd41483BaDc","price":0.023814,"size":24565.1655648887,"isBuy":false}
{"kind":"order","ts":1784716407848,"orderId":"72905541","owner":"0xd0F8A6422CcdD812f29D8FB75CF5FCd41483BaDc","price":0.023818,"size":245651.655648887,"isBuy":false}
{"kind":"order","ts":1784716407848,"orderId":"72905542","owner":"0xd0F8A6422CcdD812f29D8FB75CF5FCd41483BaDc","price":0.023844,"size":491303.311297774,"isBuy":false}
{"kind":"order","ts":1784716407850,"orderId":"72905543","owner":"0x2b46C08Ca648e2334A1182D31228A79e2BEC1669","price":0.023787,"size":39070,"isBuy":true}
{"kind":"order","ts":1784716407855,"orderId":"72905544","owner":"0x2b46C08Ca648e2334A1182D31228A79e2BEC1669","price":0.02379,"size":21004,"isBuy":false}
{"kind":"order","ts":1784716407855,"orderId":"72905545","owner":"0x2b46C08Ca648e2334A1182D31228A79e2BEC1669","price":0.023781,"size":21004,"isBuy":true}
{"kind":"order","ts":1784716407855,"orderId":"72905546","owner":"0x2b46C08Ca648e2334A1182D31228A79e2BEC1669","price":0.023796,"size":21004,"isBuy":false}
{"kind":"trade","ts":1784716407855,"orderId":"72905527","isBuy":false,"price":0.023804,"updatedSize":0,"filledSize":21004,"taker":"0x2b46C08Ca648e2334A1182D31228A79e2BEC1669","maker":"0x8Cf67893C236963233023B56AC56A185B042866F"}
{"kind":"order","ts":1784716408252,"orderId":"72905547","owner":"0x2b46C08Ca648e2334A1182D31228A79e2BEC1669","price":0.023784,"size":39067,"isBuy":true}
{"kind":"order","ts":1784716408263,"orderId":"72905548","owner":"0x2b46C08Ca648e2334A1182D31228A79e2BEC1669","price":0.023786,"size":42014,"isBuy":false}
{"kind":"order","ts":1784716408263,"orderId":"72905549","owner":"0x2b46C08Ca648e2334A1182D31228A79e2BEC1669","price":0.023777,"size":21007,"isBuy":true}
{"kind":"order","ts":1784716408263,"orderId":"72905550","owner":"0x2b46C08Ca648e2334A1182D31228A79e2BEC1669","price":0.023793,"size":21007,"isBuy":false}
{"kind":"order","ts":1784716408270,"orderId":"72905551","owner":"0xd0F8A6422CcdD812f29D8FB75CF5FCd41483BaDc","price":0.0238,"size":9826.0662259554,"isBuy":false}
{"kind":"order","ts":1784716408270,"orderId":"72905552","owner":"0xd0F8A6422CcdD812f29D8FB75CF5FCd41483BaDc","price":0.023801,"size":24565.1655648887,"isBuy":false}
{"kind":"order","ts":1784716408270,"orderId":"72905553","owner":"0xd0F8A6422CcdD812f29D8FB75CF5FCd41483BaDc","price":0.023806,"size":245651.655648887,"isBuy":false}
{"kind":"order","ts":1784716408303,"orderId":"72905554","owner":"0xd0F8A6422CcdD812f29D8FB75CF5FCd41483BaDc","price":0.023832,"size":491303.311297774,"isBuy":false}
{"kind":"order","ts":1784716408303,"orderId":"72905555","owner":"0x2b46C08Ca648e2334A1182D31228A79e2BEC1669","price":0.023786,"size":39070,"isBuy":true}
{"kind":"order","ts":1784716408303,"orderId":"72905556","owner":"0x2b46C08Ca648e2334A1182D31228A79e2BEC1669","price":0.023789,"size":42009,"isBuy":false}
{"kind":"order","ts":1784716408312,"orderId":"72905557","owner":"0x2b46C08Ca648e2334A1182D31228A79e2BEC1669","price":0.02378,"size":21004,"isBuy":true}
{"kind":"order","ts":1784716408312,"orderId":"72905558","owner":"0x2b46C08Ca648e2334A1182D31228A79e2BEC1669","price":0.023795,"size":21004,"isBuy":false}
{"kind":"order","ts":1784716408869,"orderId":"72905559","owner":"0x2b46C08Ca648e2334A1182D31228A79e2BEC1669","price":0.023789,"size":42009,"isBuy":true}
{"kind":"order","ts":1784716408869,"orderId":"72905560","owner":"0x2b46C08Ca648e2334A1182D31228A79e2BEC1669","price":0.023792,"size":42009,"isBuy":false}
{"kind":"order","ts":1784716408869,"orderId":"72905561","owner":"0x2b46C08Ca648e2334A1182D31228A79e2BEC1669","price":0.023783,"size":21004,"isBuy":true}
{"kind":"order","ts":1784716408869,"orderId":"72905562","owner":"0x2b46C08Ca648e2334A1182D31228A79e2BEC1669","price":0.023798,"size":21004,"isBuy":false}
{"kind":"order","ts":1784716408870,"orderId":"72905563","owner":"0xd0F8A6422CcdD812f29D8FB75CF5FCd41483BaDc","price":0.023802,"size":9828.3798966169,"isBuy":false}
{"kind":"order","ts":1784716408870,"orderId":"72905564","owner":"0xd0F8A6422CcdD812f29D8FB75CF5FCd41483BaDc","price":0.023803,"size":24570.9497415423,"isBuy":false}
{"kind":"order","ts":1784716408870,"orderId":"72905565","owner":"0xd0F8A6422CcdD812f29D8FB75CF5FCd41483BaDc","price":0.023808,"size":245709.4974154233,"isBuy":false}
{"kind":"order","ts":1784716408870,"orderId":"72905566","owner":"0xd0F8A6422CcdD812f29D8FB75CF5FCd41483BaDc","price":0.023834,"size":491418.9948308467,"isBuy":false}
{"kind":"order","ts":1784716410000,"orderId":"72905567","owner":"0xd0F8A6422CcdD812f29D8FB75CF5FCd41483BaDc","price":0.023796,"size":9828.3798966169,"isBuy":false}
{"kind":"order","ts":1784716410000,"orderId":"72905568","owner":"0xd0F8A6422CcdD812f29D8FB75CF5FCd41483BaDc","price":0.023797,"size":24570.9497415423,"isBuy":false}
{"kind":"order","ts":1784716410000,"orderId":"72905569","owner":"0xd0F8A6422CcdD812f29D8FB75CF5FCd41483BaDc","price":0.023802,"size":245709.4974154233,"isBuy":false}
{"kind":"order","ts":1784716410000,"orderId":"72905570","owner":"0xd0F8A6422CcdD812f29D8FB75CF5FCd41483BaDc","price":0.023828,"size":491418.9948308467,"isBuy":false}
{"kind":"order","ts":1784716410018,"orderId":"72905571","owner":"0x8Cf67893C236963233023B56AC56A185B042866F","price":0.023776,"size":21013,"isBuy":true}
{"kind":"order","ts":1784716410018,"orderId":"72905572","owner":"0x8Cf67893C236963233023B56AC56A185B042866F","price":0.023784,"size":21013,"isBuy":false}
{"kind":"order","ts":1784716410335,"orderId":"72905573","owner":"0xd0F8A6422CcdD812f29D8FB75CF5FCd41483BaDc","price":0.023789,"size":9828.3798966169,"isBuy":false}
{"kind":"order","ts":1784716410335,"orderId":"72905574","owner":"0xd0F8A6422CcdD812f29D8FB75CF5FCd41483BaDc","price":0.023791,"size":24570.9497415423,"isBuy":false}
{"kind":"order","ts":1784716410335,"orderId":"72905575","owner":"0xd0F8A6422CcdD812f29D8FB75CF5FCd41483BaDc","price":0.023795,"size":245709.4974154233,"isBuy":false}
{"kind":"order","ts":1784716410335,"orderId":"72905576","owner":"0xd0F8A6422CcdD812f29D8FB75CF5FCd41483BaDc","price":0.023822,"size":491418.9948308467,"isBuy":false}
{"kind":"trade","ts":1784716410337,"orderId":"72905572","isBuy":true,"price":0.023784,"updatedSize":15973.3887907838,"filledSize":5039.6112092162,"taker":"0xC428551242deAb5F4b70Ea36943E63Fd191F3B0e","maker":"0x8Cf67893C236963233023B56AC56A185B042866F"}
{"kind":"order","ts":1784716410821,"orderId":"72905577","owner":"0x2b46C08Ca648e2334A1182D31228A79e2BEC1669","price":0.023787,"size":27163.1851244533,"isBuy":true}
{"kind":"order","ts":1784716410821,"orderId":"72905578","owner":"0x2b46C08Ca648e2334A1182D31228A79e2BEC1669","price":0.02379,"size":42013,"isBuy":false}
{"kind":"order","ts":1784716410821,"orderId":"72905579","owner":"0x2b46C08Ca648e2334A1182D31228A79e2BEC1669","price":0.023781,"size":21006,"isBuy":true}
{"kind":"order","ts":1784716410821,"orderId":"72905580","owner":"0x2b46C08Ca648e2334A1182D31228A79e2BEC1669","price":0.023796,"size":21006,"isBuy":false}
{"kind":"trade","ts":1784716410821,"orderId":"72905572","isBuy":true,"price":0.023784,"updatedSize":14849.8148755467,"filledSize":1123.5739152371,"taker":"0x1c1823f6021E5Cf930B8223305321042a5a2BB0e","maker":"0x8Cf67893C236963233023B56AC56A185B042866F"}
{"kind":"trade","ts":1784716410821,"orderId":"72905572","isBuy":true,"price":0.023784,"updatedSize":0,"filledSize":14849.8148755467,"taker":"0x2b46C08Ca648e2334A1182D31228A79e2BEC1669","maker":"0x8Cf67893C236963233023B56AC56A185B042866F"}
{"kind":"order","ts":1784716411280,"orderId":"72905581","owner":"0xd0F8A6422CcdD812f29D8FB75CF5FCd41483BaDc","price":0.023792,"size":9830.6964844407,"isBuy":false}
{"kind":"order","ts":1784716411281,"orderId":"72905582","owner":"0xd0F8A6422CcdD812f29D8FB75CF5FCd41483BaDc","price":0.023793,"size":24576.7412111017,"isBuy":false}
{"kind":"order","ts":1784716411282,"orderId":"72905583","owner":"0xd0F8A6422CcdD812f29D8FB75CF5FCd41483BaDc","price":0.023798,"size":245767.4121110176,"isBuy":false}
{"kind":"order","ts":1784716411282,"orderId":"72905584","owner":"0xd0F8A6422CcdD812f29D8FB75CF5FCd41483BaDc","price":0.023824,"size":491534.8242220353,"isBuy":false}
{"kind":"order","ts":1784716411282,"orderId":"72905585","owner":"0x2b46C08Ca648e2334A1182D31228A79e2BEC1669","price":0.023791,"size":42006,"isBuy":true}
{"kind":"order","ts":1784716411282,"orderId":"72905586","owner":"0x2b46C08Ca648e2334A1182D31228A79e2BEC1669","price":0.023794,"size":42006,"isBuy":false}
{"kind":"order","ts":1784716411282,"orderId":"72905587","owner":"0x2b46C08Ca648e2334A1182D31228A79e2BEC1669","price":0.023785,"size":21003,"isBuy":true}
{"kind":"order","ts":1784716411282,"orderId":"72905588","owner":"0x2b46C08Ca648e2334A1182D31228A79e2BEC1669","price":0.0238,"size":21003,"isBuy":false}
{"kind":"order","ts":1784716411530,"orderId":"72905589","owner":"0xd0F8A6422CcdD812f29D8FB75CF5FCd41483BaDc","price":0.023797,"size":9830.6964844407,"isBuy":false}
{"kind":"order","ts":1784716411534,"orderId":"72905590","owner":"0xd0F8A6422CcdD812f29D8FB75CF5FCd41483BaDc","price":0.023798,"size":24576.7412111017,"isBuy":false}
{"kind":"order","ts":1784716411534,"orderId":"72905591","owner":"0xd0F8A6422CcdD812f29D8FB75CF5FCd41483BaDc","price":0.023803,"size":245767.4121110176,"isBuy":false}
{"kind":"order","ts":1784716411534,"orderId":"72905592","owner":"0xd0F8A6422CcdD812f29D8FB75CF5FCd41483BaDc","price":0.023829,"size":491534.8242220353,"isBuy":false}
{"kind":"order","ts":1784716411534,"orderId":"72905593","owner":"0x2b46C08Ca648e2334A1182D31228A79e2BEC1669","price":0.023792,"size":42001,"isBuy":true}
{"kind":"order","ts":1784716411536,"orderId":"72905594","owner":"0x2b46C08Ca648e2334A1182D31228A79e2BEC1669","price":0.023796,"size":42001,"isBuy":false}
{"kind":"order","ts":1784716411536,"orderId":"72905595","owner":"0x2b46C08Ca648e2334A1182D31228A79e2BEC1669","price":0.023801,"size":21000,"isBuy":false}
{"kind":"order","ts":1784716413674,"orderId":"72905596","owner":"0x2b46C08Ca648e2334A1182D31228A79e2BEC1669","price":0.023791,"size":42002,"isBuy":true}
{"kind":"order","ts":1784716413674,"orderId":"72905597","owner":"0x2b46C08Ca648e2334A1182D31228A79e2BEC1669","price":0.023795,"size":42002,"isBuy":false}
{"kind":"order","ts":1784716413674,"orderId":"72905598","owner":"0x2b46C08Ca648e2334A1182D31228A79e2BEC1669","price":0.0238,"size":21001,"isBuy":false}
{"kind":"order","ts":1784716415142,"orderId":"72905599","owner":"0x8Cf67893C236963233023B56AC56A185B042866F","price":0.023782,"size":21022,"isBuy":true}
{"kind":"order","ts":1784716415142,"orderId":"72905600","owner":"0x8Cf67893C236963233023B56AC56A185B042866F","price":0.023792,"size":21022,"isBuy":false}
{"kind":"order","ts":1784716415463,"orderId":"72905601","owner":"0x2b46C08Ca648e2334A1182D31228A79e2BEC1669","price":0.023791,"size":42002,"isBuy":true}
{"kind":"order","ts":1784716415473,"orderId":"72905602","owner":"0x2b46C08Ca648e2334A1182D31228A79e2BEC1669","price":0.023795,"size":42002,"isBuy":false}
{"kind":"order","ts":1784716417454,"orderId":"72905603","owner":"0x2b46C08Ca648e2334A1182D31228A79e2BEC1669","price":0.023791,"size":42002,"isBuy":true}
{"kind":"order","ts":1784716417458,"orderId":"72905604","owner":"0x2b46C08Ca648e2334A1182D31228A79e2BEC1669","price":0.023795,"size":42002,"isBuy":false}
{"kind":"trade","ts":1784716417458,"orderId":"72905587","isBuy":false,"price":0.023785,"updatedSize":19696.4690128045,"filledSize":1306.5309871955,"taker":"0x2f84FB8982073f39Ba47c7fcC29119aF074AbbcB","maker":"0x2b46C08Ca648e2334A1182D31228A79e2BEC1669"}
{"kind":"order","ts":1784716419464,"orderId":"72905605","owner":"0x2b46C08Ca648e2334A1182D31228A79e2BEC1669","price":0.023789,"size":42005,"isBuy":true}
{"kind":"order","ts":1784716419468,"orderId":"72905606","owner":"0x2b46C08Ca648e2334A1182D31228A79e2BEC1669","price":0.023794,"size":42005,"isBuy":false}
{"kind":"order","ts":1784716419469,"orderId":"72905607","owner":"0x2b46C08Ca648e2334A1182D31228A79e2BEC1669","price":0.023783,"size":21002,"isBuy":true}
{"kind":"order","ts":1784716419469,"orderId":"72905608","owner":"0x2b46C08Ca648e2334A1182D31228A79e2BEC1669","price":0.023799,"size":21002,"isBuy":false}
{"kind":"order","ts":1784716419853,"orderId":"72905609","owner":"0x8Cf67893C236963233023B56AC56A185B042866F","price":0.023784,"size":21022,"isBuy":true}
{"kind":"order","ts":1784716421415,"orderId":"72905610","owner":"0xd0F8A6422CcdD812f29D8FB75CF5FCd41483BaDc","price":0.0238,"size":9829.1517679697,"isBuy":false}
{"kind":"order","ts":1784716421415,"orderId":"72905611","owner":"0xd0F8A6422CcdD812f29D8FB75CF5FCd41483BaDc","price":0.023801,"size":24572.8794199243,"isBuy":false}
{"kind":"order","ts":1784716421415,"orderId":"72905612","owner":"0xd0F8A6422CcdD812f29D8FB75CF5FCd41483BaDc","price":0.023806,"size":245728.7941992433,"isBuy":false}
{"kind":"order","ts":1784716421415,"orderId":"72905613","owner":"0xd0F8A6422CcdD812f29D8FB75CF5FCd41483BaDc","price":0.023832,"size":491457.5883984867,"isBuy":false}
{"kind":"order","ts":1784716421790,"orderId":"72905614","owner":"0x2b46C08Ca648e2334A1182D31228A79e2BEC1669","price":0.023789,"size":42006,"isBuy":true}
{"kind":"order","ts":1784716421792,"orderId":"72905615","owner":"0x2b46C08Ca648e2334A1182D31228A79e2BEC1669","price":0.023793,"size":42006,"isBuy":false}
{"kind":"order","ts":1784716421792,"orderId":"72905616","owner":"0x2b46C08Ca648e2334A1182D31228A79e2BEC1669","price":0.023798,"size":21003,"isBuy":false}
{"kind":"order","ts":1784716423718,"orderId":"72905617","owner":"0x2b46C08Ca648e2334A1182D31228A79e2BEC1669","price":0.023789,"size":42006,"isBuy":true}
{"kind":"order","ts":1784716423719,"orderId":"72905618","owner":"0x2b46C08Ca648e2334A1182D31228A79e2BEC1669","price":0.023793,"size":42006,"isBuy":false}
{"kind":"order","ts":1784716424510,"orderId":"72905619","owner":"0xd0F8A6422CcdD812f29D8FB75CF5FCd41483BaDc","price":0.023796,"size":9829.1517679697,"isBuy":false}
{"kind":"order","ts":1784716424510,"orderId":"72905620","owner":"0xd0F8A6422CcdD812f29D8FB75CF5FCd41483BaDc","price":0.023797,"size":24572.8794199243,"isBuy":false}
{"kind":"order","ts":1784716424510,"orderId":"72905621","owner":"0xd0F8A6422CcdD812f29D8FB75CF5FCd41483BaDc","price":0.023802,"size":245728.7941992433,"isBuy":false}
{"kind":"order","ts":1784716424511,"orderId":"72905622","owner":"0xd0F8A6422CcdD812f29D8FB75CF5FCd41483BaDc","price":0.023828,"size":491457.5883984867,"isBuy":false}
{"kind":"order","ts":1784716426022,"orderId":"72905623","owner":"0x2b46C08Ca648e2334A1182D31228A79e2BEC1669","price":0.023789,"size":42005,"isBuy":true}
{"kind":"order","ts":1784716426022,"orderId":"72905624","owner":"0x2b46C08Ca648e2334A1182D31228A79e2BEC1669","price":0.023794,"size":42005,"isBuy":false}
{"kind":"order","ts":1784716428110,"orderId":"72905625","owner":"0x2b46C08Ca648e2334A1182D31228A79e2BEC1669","price":0.023789,"size":42005,"isBuy":true}
{"kind":"order","ts":1784716428110,"orderId":"72905626","owner":"0x2b46C08Ca648e2334A1182D31228A79e2BEC1669","price":0.023794,"size":42005,"isBuy":false}
{"kind":"order","ts":1784716428110,"orderId":"72905627","owner":"0x2b46C08Ca648e2334A1182D31228A79e2BEC1669","price":0.023783,"size":21002,"isBuy":true}
{"kind":"order","ts":1784716428110,"orderId":"72905628","owner":"0x2b46C08Ca648e2334A1182D31228A79e2BEC1669","price":0.023798,"size":21002,"isBuy":false}
{"kind":"order","ts":1784716430479,"orderId":"72905629","owner":"0xd0F8A6422CcdD812f29D8FB75CF5FCd41483BaDc","price":0.0238,"size":9829.1517679697,"isBuy":false}
{"kind":"order","ts":1784716430480,"orderId":"72905630","owner":"0xd0F8A6422CcdD812f29D8FB75CF5FCd41483BaDc","price":0.023801,"size":24572.8794199243,"isBuy":false}
{"kind":"order","ts":1784716430480,"orderId":"72905631","owner":"0xd0F8A6422CcdD812f29D8FB75CF5FCd41483BaDc","price":0.023806,"size":245728.7941992433,"isBuy":false}
{"kind":"order","ts":1784716430480,"orderId":"72905632","owner":"0xd0F8A6422CcdD812f29D8FB75CF5FCd41483BaDc","price":0.023832,"size":491457.5883984867,"isBuy":false}
{"kind":"order","ts":1784716430480,"orderId":"72905633","owner":"0x2b46C08Ca648e2334A1182D31228A79e2BEC1669","price":0.023791,"size":42003,"isBuy":true}
{"kind":"order","ts":1784716430481,"orderId":"72905634","owner":"0x2b46C08Ca648e2334A1182D31228A79e2BEC1669","price":0.023793,"size":42003,"isBuy":false}
{"kind":"order","ts":1784716430481,"orderId":"72905635","owner":"0x2b46C08Ca648e2334A1182D31228A79e2BEC1669","price":0.023784,"size":21001,"isBuy":true}
{"kind":"order","ts":1784716430481,"orderId":"72905636","owner":"0x2b46C08Ca648e2334A1182D31228A79e2BEC1669","price":0.0238,"size":21001,"isBuy":false}
{"kind":"order","ts":1784716430481,"orderId":"72905637","owner":"0x8Cf67893C236963233023B56AC56A185B042866F","price":0.023786,"size":21022,"isBuy":true}
{"kind":"order","ts":1784716430481,"orderId":"72905638","owner":"0x8Cf67893C236963233023B56AC56A185B042866F","price":0.023794,"size":21022,"isBuy":false}
{"kind":"order","ts":1784716432343,"orderId":"72905639","owner":"0x2b46C08Ca648e2334A1182D31228A79e2BEC1669","price":0.023789,"size":42005,"isBuy":true}
{"kind":"order","ts":1784716432343,"orderId":"72905640","owner":"0x2b46C08Ca648e2334A1182D31228A79e2BEC1669","price":0.023792,"size":42005,"isBuy":false}
{"kind":"order","ts":1784716432343,"orderId":"72905641","owner":"0x2b46C08Ca648e2334A1182D31228A79e2BEC1669","price":0.023783,"size":21002,"isBuy":true}
{"kind":"order","ts":1784716432343,"orderId":"72905642","owner":"0x2b46C08Ca648e2334A1182D31228A79e2BEC1669","price":0.023798,"size":21002,"isBuy":false}
{"kind":"order","ts":1784716434032,"orderId":"72905643","owner":"0x2b46C08Ca648e2334A1182D31228A79e2BEC1669","price":0.023789,"size":42005,"isBuy":true}
{"kind":"order","ts":1784716434032,"orderId":"72905644","owner":"0x2b46C08Ca648e2334A1182D31228A79e2BEC1669","price":0.023792,"size":42005,"isBuy":false}
{"kind":"order","ts":1784716434853,"orderId":"72905645","owner":"0x8Cf67893C236963233023B56AC56A185B042866F","price":0.023783,"size":21022,"isBuy":true}
{"kind":"order","ts":1784716434855,"orderId":"72905646","owner":"0x8Cf67893C236963233023B56AC56A185B042866F","price":0.023791,"size":21022,"isBuy":false}
{"kind":"order","ts":1784716436027,"orderId":"72905647","owner":"0x2b46C08Ca648e2334A1182D31228A79e2BEC1669","price":0.023789,"size":42005,"isBuy":true}
{"kind":"order","ts":1784716436027,"orderId":"72905648","owner":"0x2b46C08Ca648e2334A1182D31228A79e2BEC1669","price":0.023792,"size":42005,"isBuy":false}
{"kind":"order","ts":1784716438042,"orderId":"72905649","owner":"0x2b46C08Ca648e2334A1182D31228A79e2BEC1669","price":0.02379,"size":42004,"isBuy":true}
{"kind":"order","ts":1784716438043,"orderId":"72905650","owner":"0x2b46C08Ca648e2334A1182D31228A79e2BEC1669","price":0.023793,"size":42004,"isBuy":false}
{"kind":"order","ts":1784716438043,"orderId":"72905651","owner":"0x2b46C08Ca648e2334A1182D31228A79e2BEC1669","price":0.023784,"size":21002,"isBuy":true}
{"kind":"order","ts":1784716438043,"orderId":"72905652","owner":"0x2b46C08Ca648e2334A1182D31228A79e2BEC1669","price":0.023799,"size":21002,"isBuy":false}
{"kind":"order","ts":1784716440372,"orderId":"72905653","owner":"0x2b46C08Ca648e2334A1182D31228A79e2BEC1669","price":0.023791,"size":20979,"isBuy":true}
{"kind":"order","ts":1784716440372,"orderId":"72905654","owner":"0x2b46C08Ca648e2334A1182D31228A79e2BEC1669","price":0.023794,"size":42001,"isBuy":false}
{"kind":"order","ts":1784716440372,"orderId":"72905655","owner":"0x2b46C08Ca648e2334A1182D31228A79e2BEC1669","price":0.023785,"size":21000,"isBuy":true}
{"kind":"order","ts":1784716440372,"orderId":"72905656","owner":"0x2b46C08Ca648e2334A1182D31228A79e2BEC1669","price":0.0238,"size":21000,"isBuy":false}
{"kind":"trade","ts":1784716440373,"orderId":"72905646","isBuy":true,"price":0.023791,"updatedSize":0,"filledSize":21022,"taker":"0x2b46C08Ca648e2334A1182D31228A79e2BEC1669","maker":"0x8Cf67893C236963233023B56AC56A185B042866F"}
{"kind":"order","ts":1784716441270,"orderId":"72905657","owner":"0x2b46C08Ca648e2334A1182D31228A79e2BEC1669","price":0.023788,"size":22898,"isBuy":true}
{"kind":"order","ts":1784716441270,"orderId":"72905658","owner":"0x2b46C08Ca648e2334A1182D31228A79e2BEC1669","price":0.023793,"size":42002,"isBuy":false}
{"kind":"order","ts":1784716441270,"orderId":"72905659","owner":"0x2b46C08Ca648e2334A1182D31228A79e2BEC1669","price":0.023782,"size":21001,"isBuy":true}
{"kind":"order","ts":1784716441271,"orderId":"72905660","owner":"0x2b46C08Ca648e2334A1182D31228A79e2BEC1669","price":0.023797,"size":21001,"isBuy":false}
{"kind":"order","ts":1784716442463,"orderId":"72905661","owner":"0x2b46C08Ca648e2334A1182D31228A79e2BEC1669","price":0.023787,"size":22897,"isBuy":true}
{"kind":"order","ts":1784716442463,"orderId":"72905662","owner":"0x2b46C08Ca648e2334A1182D31228A79e2BEC1669","price":0.02379,"size":42004,"isBuy":false}
{"kind":"order","ts":1784716442463,"orderId":"72905663","owner":"0x2b46C08Ca648e2334A1182D31228A79e2BEC1669","price":0.023781,"size":21002,"isBuy":true}
{"kind":"order","ts":1784716442463,"orderId":"72905664","owner":"0x2b46C08Ca648e2334A1182D31228A79e2BEC1669","price":0.023796,"size":21002,"isBuy":false}
{"kind":"order","ts":1784716444091,"orderId":"72905665","owner":"0xd0F8A6422CcdD812f29D8FB75CF5FCd41483BaDc","price":0.023796,"size":9828.3798966169,"isBuy":false}
{"kind":"order","ts":1784716444091,"orderId":"72905666","owner":"0xd0F8A6422CcdD812f29D8FB75CF5FCd41483BaDc","price":0.023797,"size":24570.9497415423,"isBuy":false}
{"kind":"order","ts":1784716444091,"orderId":"72905667","owner":"0xd0F8A6422CcdD812f29D8FB75CF5FCd41483BaDc","price":0.023802,"size":245709.4974154233,"isBuy":false}
{"kind":"order","ts":1784716444092,"orderId":"72905668","owner":"0xd0F8A6422CcdD812f29D8FB75CF5FCd41483BaDc","price":0.023828,"size":491418.9948308467,"isBuy":false}
{"kind":"order","ts":1784716444499,"orderId":"72905669","owner":"0x2b46C08Ca648e2334A1182D31228A79e2BEC1669","price":0.023787,"size":22898,"isBuy":true}
{"kind":"order","ts":1784716444499,"orderId":"72905670","owner":"0x2b46C08Ca648e2334A1182D31228A79e2BEC1669","price":0.02379,"size":42003,"isBuy":false}
{"kind":"order","ts":1784716444923,"orderId":"72905671","owner":"0x8Cf67893C236963233023B56AC56A185B042866F","price":0.023792,"size":21013,"isBuy":false}
{"kind":"order","ts":1784716446485,"orderId":"72905672","owner":"0x2b46C08Ca648e2334A1182D31228A79e2BEC1669","price":0.023785,"size":22896,"isBuy":true}
{"kind":"order","ts":1784716446485,"orderId":"72905673","owner":"0x2b46C08Ca648e2334A1182D31228A79e2BEC1669","price":0.023788,"size":42006,"isBuy":false}
{"kind":"order","ts":1784716446487,"orderId":"72905674","owner":"0x2b46C08Ca648e2334A1182D31228A79e2BEC1669","price":0.023779,"size":21003,"isBuy":true}
{"kind":"order","ts":1784716446487,"orderId":"72905675","owner":"0x2b46C08Ca648e2334A1182D31228A79e2BEC1669","price":0.023794,"size":21003,"isBuy":false}
{"kind":"order","ts":1784716448854,"orderId":"72905676","owner":"0x2b46C08Ca648e2334A1182D31228A79e2BEC1669","price":0.023785,"size":22896,"isBuy":true}
{"kind":"order","ts":1784716448854,"orderId":"72905677","owner":"0x2b46C08Ca648e2334A1182D31228A79e2BEC1669","price":0.023788,"size":42006,"isBuy":false}
{"kind":"order","ts":1784716450521,"orderId":"72905678","owner":"0x2b46C08Ca648e2334A1182D31228A79e2BEC1669","price":0.023782,"size":22893,"isBuy":true}
{"kind":"order","ts":1784716450521,"orderId":"72905679","owner":"0x2b46C08Ca648e2334A1182D31228A79e2BEC1669","price":0.023785,"size":42012,"isBuy":false}
{"kind":"order","ts":1784716450521,"orderId":"72905680","owner":"0x2b46C08Ca648e2334A1182D31228A79e2BEC1669","price":0.023776,"size":21006,"isBuy":true}
{"kind":"order","ts":1784716450521,"orderId":"72905681","owner":"0x2b46C08Ca648e2334A1182D31228A79e2BEC1669","price":0.023791,"size":21006,"isBuy":false}
{"kind":"order","ts":1784716450521,"orderId":"72905682","owner":"0xd0F8A6422CcdD812f29D8FB75CF5FCd41483BaDc","price":0.023791,"size":9829.1517679697,"isBuy":false}
{"kind":"order","ts":1784716450521,"orderId":"72905683","owner":"0xd0F8A6422CcdD812f29D8FB75CF5FCd41483BaDc","price":0.023792,"size":24572.8794199243,"isBuy":false}
{"kind":"order","ts":1784716450521,"orderId":"72905684","owner":"0xd0F8A6422CcdD812f29D8FB75CF5FCd41483BaDc","price":0.023797,"size":245728.7941992433,"isBuy":false}
{"kind":"order","ts":1784716450521,"orderId":"72905685","owner":"0xd0F8A6422CcdD812f29D8FB75CF5FCd41483BaDc","price":0.023823,"size":491457.5883984867,"isBuy":false}
{"kind":"order","ts":1784716450522,"orderId":"72905686","owner":"0x8Cf67893C236963233023B56AC56A185B042866F","price":0.023785,"size":21013,"isBuy":true}
{"kind":"order","ts":1784716450909,"orderId":"72905687","owner":"0xd0F8A6422CcdD812f29D8FB75CF5FCd41483BaDc","price":0.023796,"size":9829.1517679697,"isBuy":false}
{"kind":"order","ts":1784716450910,"orderId":"72905688","owner":"0xd0F8A6422CcdD812f29D8FB75CF5FCd41483BaDc","price":0.023797,"size":24572.8794199243,"isBuy":false}
{"kind":"order","ts":1784716450910,"orderId":"72905689","owner":"0xd0F8A6422CcdD812f29D8FB75CF5FCd41483BaDc","price":0.023802,"size":245728.7941992433,"isBuy":false}
{"kind":"order","ts":1784716450910,"orderId":"72905690","owner":"0xd0F8A6422CcdD812f29D8FB75CF5FCd41483BaDc","price":0.023828,"size":491457.5883984867,"isBuy":false}
{"kind":"order","ts":1784716451551,"orderId":"72905691","owner":"0xd0F8A6422CcdD812f29D8FB75CF5FCd41483BaDc","price":0.0238,"size":9829.1517679697,"isBuy":false}
{"kind":"order","ts":1784716451552,"orderId":"72905692","owner":"0xd0F8A6422CcdD812f29D8FB75CF5FCd41483BaDc","price":0.023801,"size":24572.8794199243,"isBuy":false}
{"kind":"order","ts":1784716451553,"orderId":"72905693","owner":"0xd0F8A6422CcdD812f29D8FB75CF5FCd41483BaDc","price":0.023806,"size":245728.7941992433,"isBuy":false}
{"kind":"order","ts":1784716451553,"orderId":"72905694","owner":"0xd0F8A6422CcdD812f29D8FB75CF5FCd41483BaDc","price":0.023832,"size":491457.5883984867,"isBuy":false}
{"kind":"order","ts":1784716451553,"orderId":"72905695","owner":"0x2b46C08Ca648e2334A1182D31228A79e2BEC1669","price":0.023785,"size":22895,"isBuy":true}
{"kind":"order","ts":1784716451553,"orderId":"72905696","owner":"0x2b46C08Ca648e2334A1182D31228A79e2BEC1669","price":0.023787,"size":42008,"isBuy":false}
{"kind":"order","ts":1784716451553,"orderId":"72905697","owner":"0x2b46C08Ca648e2334A1182D31228A79e2BEC1669","price":0.023778,"size":21004,"isBuy":true}
{"kind":"order","ts":1784716451553,"orderId":"72905698","owner":"0x2b46C08Ca648e2334A1182D31228A79e2BEC1669","price":0.023794,"size":21004,"isBuy":false}
{"kind":"order","ts":1784716451992,"orderId":"72905699","owner":"0xd0F8A6422CcdD812f29D8FB75CF5FCd41483BaDc","price":0.023796,"size":9829.1517679697,"isBuy":false}
{"kind":"order","ts":1784716451993,"orderId":"72905700","owner":"0xd0F8A6422CcdD812f29D8FB75CF5FCd41483BaDc","price":0.023797,"size":24572.8794199243,"isBuy":false}
{"kind":"order","ts":1784716451995,"orderId":"72905701","owner":"0xd0F8A6422CcdD812f29D8FB75CF5FCd41483BaDc","price":0.023802,"size":245728.7941992433,"isBuy":false}
{"kind":"order","ts":1784716451995,"orderId":"72905702","owner":"0xd0F8A6422CcdD812f29D8FB75CF5FCd41483BaDc","price":0.023828,"size":491457.5883984867,"isBuy":false}
{"kind":"order","ts":1784716452907,"orderId":"72905703","owner":"0xd0F8A6422CcdD812f29D8FB75CF5FCd41483BaDc","price":0.023802,"size":9829.1517679697,"isBuy":false}
{"kind":"order","ts":1784716452909,"orderId":"72905704","owner":"0xd0F8A6422CcdD812f29D8FB75CF5FCd41483BaDc","price":0.023803,"size":24572.8794199243,"isBuy":false}
{"kind":"order","ts":1784716452909,"orderId":"72905705","owner":"0xd0F8A6422CcdD812f29D8FB75CF5FCd41483BaDc","price":0.023808,"size":245728.7941992433,"isBuy":false}
{"kind":"order","ts":1784716452909,"orderId":"72905706","owner":"0xd0F8A6422CcdD812f29D8FB75CF5FCd41483BaDc","price":0.023834,"size":491457.5883984867,"isBuy":false}
{"kind":"order","ts":1784716453675,"orderId":"72905707","owner":"0x2b46C08Ca648e2334A1182D31228A79e2BEC1669","price":0.023785,"size":22896,"isBuy":true}
{"kind":"order","ts":1784716453675,"orderId":"72905708","owner":"0x2b46C08Ca648e2334A1182D31228A79e2BEC1669","price":0.023788,"size":42006,"isBuy":false}
{"kind":"order","ts":1784716453675,"orderId":"72905709","owner":"0x2b46C08Ca648e2334A1182D31228A79e2BEC1669","price":0.023779,"size":21003,"isBuy":true}
{"kind":"order","ts":1784716453675,"orderId":"72905710","owner":"0x2b46C08Ca648e2334A1182D31228A79e2BEC1669","price":0.023795,"size":21003,"isBuy":false}
{"kind":"order","ts":1784716453675,"orderId":"72905711","owner":"0xd0F8A6422CcdD812f29D8FB75CF5FCd41483BaDc","price":0.023798,"size":9829.1517679697,"isBuy":false}
{"kind":"order","ts":1784716453675,"orderId":"72905712","owner":"0xd0F8A6422CcdD812f29D8FB75CF5FCd41483BaDc","price":0.0238,"size":24572.8794199243,"isBuy":false}
{"kind":"order","ts":1784716453676,"orderId":"72905713","owner":"0xd0F8A6422CcdD812f29D8FB75CF5FCd41483BaDc","price":0.023805,"size":245728.7941992433,"isBuy":false}
{"kind":"order","ts":1784716453676,"orderId":"72905714","owner":"0xd0F8A6422CcdD812f29D8FB75CF5FCd41483BaDc","price":0.023831,"size":491457.5883984867,"isBuy":false}
{"kind":"trade","ts":1784716454525,"orderId":"72905686","isBuy":false,"price":0.023785,"updatedSize":20014,"filledSize":999,"taker":"0x09AD820aaC5779683B481c4674208A4e1B024Afa","maker":"0x8Cf67893C236963233023B56AC56A185B042866F"}
{"kind":"order","ts":1784716455151,"orderId":"72905715","owner":"0x8Cf67893C236963233023B56AC56A185B042866F","price":0.023782,"size":21013,"isBuy":true}
{"kind":"order","ts":1784716455152,"orderId":"72905716","owner":"0x8Cf67893C236963233023B56AC56A185B042866F","price":0.02379,"size":21013,"isBuy":false}
{"kind":"order","ts":1784716455479,"orderId":"72905717","owner":"0x2b46C08Ca648e2334A1182D31228A79e2BEC1669","price":0.023785,"size":22896,"isBuy":true}
{"kind":"order","ts":1784716455479,"orderId":"72905718","owner":"0x2b46C08Ca648e2334A1182D31228A79e2BEC1669","price":0.023788,"size":42007,"isBuy":false}
{"kind":"order","ts":1784716455480,"orderId":"72905719","owner":"0x2b46C08Ca648e2334A1182D31228A79e2BEC1669","price":0.023794,"size":21003,"isBuy":false}
{"kind":"order","ts":1784716457332,"orderId":"72905720","owner":"0x2b46C08Ca648e2334A1182D31228A79e2BEC1669","price":0.023784,"size":22895,"isBuy":true}
{"kind":"order","ts":1784716457332,"orderId":"72905721","owner":"0x2b46C08Ca648e2334A1182D31228A79e2BEC1669","price":0.023787,"size":42008,"isBuy":false}
{"kind":"order","ts":1784716457332,"orderId":"72905722","owner":"0x2b46C08Ca648e2334A1182D31228A79e2BEC1669","price":0.023778,"size":21004,"isBuy":true}
{"kind":"order","ts":1784716459359,"orderId":"72905723","owner":"0x2b46C08Ca648e2334A1182D31228A79e2BEC1669","price":0.023785,"size":22895,"isBuy":true}
{"kind":"order","ts":1784716459359,"orderId":"72905724","owner":"0x2b46C08Ca648e2334A1182D31228A79e2BEC1669","price":0.023787,"size":42008,"isBuy":false}
{"kind":"order","ts":1784716460938,"orderId":"72905725","owner":"0x2b46C08Ca648e2334A1182D31228A79e2BEC1669","price":0.023787,"size":22898,"isBuy":true}
{"kind":"order","ts":1784716460943,"orderId":"72905726","owner":"0x2b46C08Ca648e2334A1182D31228A79e2BEC1669","price":0.02379,"size":42003,"isBuy":false}
{"kind":"order","ts":1784716460950,"orderId":"72905727","owner":"0x2b46C08Ca648e2334A1182D31228A79e2BEC1669","price":0.023781,"size":21001,"isBuy":true}
{"kind":"order","ts":1784716460951,"orderId":"72905728","owner":"0x2b46C08Ca648e2334A1182D31228A79e2BEC1669","price":0.023796,"size":21001,"isBuy":false}
{"kind":"order","ts":1784716461754,"orderId":"72905729","owner":"0x2b46C08Ca648e2334A1182D31228A79e2BEC1669","price":0.023784,"size":22895,"isBuy":true}
{"kind":"order","ts":1784716461757,"orderId":"72905730","owner":"0x2b46C08Ca648e2334A1182D31228A79e2BEC1669","price":0.023787,"size":42008,"isBuy":false}
{"kind":"order","ts":1784716461757,"orderId":"72905731","owner":"0x2b46C08Ca648e2334A1182D31228A79e2BEC1669","price":0.023778,"size":21004,"isBuy":true}
{"kind":"order","ts":1784716461759,"orderId":"72905732","owner":"0x2b46C08Ca648e2334A1182D31228A79e2BEC1669","price":0.023793,"size":21004,"isBuy":false}
{"kind":"order","ts":1784716463759,"orderId":"72905733","owner":"0x2b46C08Ca648e2334A1182D31228A79e2BEC1669","price":0.023784,"size":22895,"isBuy":true}
{"kind":"order","ts":1784716463759,"orderId":"72905734","owner":"0x2b46C08Ca648e2334A1182D31228A79e2BEC1669","price":0.023787,"size":42008,"isBuy":false}
{"kind":"order","ts":1784716465546,"orderId":"72905735","owner":"0x8Cf67893C236963233023B56AC56A185B042866F","price":0.023784,"size":21013,"isBuy":true}
{"kind":"order","ts":1784716465546,"orderId":"72905736","owner":"0x8Cf67893C236963233023B56AC56A185B042866F","price":0.023792,"size":21013,"isBuy":false}
{"kind":"order","ts":1784716465797,"orderId":"72905737","owner":"0x2b46C08Ca648e2334A1182D31228A79e2BEC1669","price":0.023784,"size":22895,"isBuy":true}
{"kind":"order","ts":1784716465797,"orderId":"72905738","owner":"0x2b46C08Ca648e2334A1182D31228A79e2BEC1669","price":0.023787,"size":42008,"isBuy":false}
{"kind":"order","ts":1784716467843,"orderId":"72905739","owner":"0x2b46C08Ca648e2334A1182D31228A79e2BEC1669","price":0.023784,"size":22895,"isBuy":true}
{"kind":"order","ts":1784716467845,"orderId":"72905740","owner":"0x2b46C08Ca648e2334A1182D31228A79e2BEC1669","price":0.023787,"size":42008,"isBuy":false}
{"kind":"order","ts":1784716468174,"orderId":"72905741","owner":"0xd0F8A6422CcdD812f29D8FB75CF5FCd41483BaDc","price":0.023795,"size":9829.1517679697,"isBuy":false}
{"kind":"order","ts":1784716468177,"orderId":"72905742","owner":"0xd0F8A6422CcdD812f29D8FB75CF5FCd41483BaDc","price":0.023796,"size":24572.8794199243,"isBuy":false}
{"kind":"order","ts":1784716468177,"orderId":"72905743","owner":"0xd0F8A6422CcdD812f29D8FB75CF5FCd41483BaDc","price":0.023801,"size":245728.7941992433,"isBuy":false}
{"kind":"order","ts":1784716468177,"orderId":"72905744","owner":"0xd0F8A6422CcdD812f29D8FB75CF5FCd41483BaDc","price":0.023827,"size":491457.5883984867,"isBuy":false}
{"kind":"order","ts":1784716469851,"orderId":"72905745","owner":"0x2b46C08Ca648e2334A1182D31228A79e2BEC1669","price":0.023784,"size":22895,"isBuy":true}
{"kind":"order","ts":1784716469851,"orderId":"72905746","owner":"0x2b46C08Ca648e2334A1182D31228A79e2BEC1669","price":0.023787,"size":42009,"isBuy":false}
{"kind":"order","ts":1784716469851,"orderId":"72905747","owner":"0x2b46C08Ca648e2334A1182D31228A79e2BEC1669","price":0.023778,"size":21004,"isBuy":true}
{"kind":"order","ts":1784716469851,"orderId":"72905748","owner":"0x2b46C08Ca648e2334A1182D31228A79e2BEC1669","price":0.023793,"size":21004,"isBuy":false}
{"kind":"order","ts":1784716469851,"orderId":"72905749","owner":"0x8Cf67893C236963233023B56AC56A185B042866F","price":0.023782,"size":21013,"isBuy":true}
{"kind":"order","ts":1784716469851,"orderId":"72905750","owner":"0x8Cf67893C236963233023B56AC56A185B042866F","price":0.02379,"size":21013,"isBuy":false}
{"kind":"order","ts":1784716470204,"orderId":"72905751","owner":"0xd0F8A6422CcdD812f29D8FB75CF5FCd41483BaDc","price":0.023797,"size":9829.1517679697,"isBuy":false}
{"kind":"order","ts":1784716470210,"orderId":"72905752","owner":"0xd0F8A6422CcdD812f29D8FB75CF5FCd41483BaDc","price":0.023798,"size":24572.8794199243,"isBuy":false}
{"kind":"order","ts":1784716470231,"orderId":"72905753","owner":"0xd0F8A6422CcdD812f29D8FB75CF5FCd41483BaDc","price":0.023803,"size":245728.7941992433,"isBuy":false}
{"kind":"order","ts":1784716470233,"orderId":"72905754","owner":"0xd0F8A6422CcdD812f29D8FB75CF5FCd41483BaDc","price":0.023829,"size":491457.5883984867,"isBuy":false}
{"kind":"order","ts":1784716471800,"orderId":"72905755","owner":"0xd0F8A6422CcdD812f29D8FB75CF5FCd41483BaDc","price":0.023792,"size":9829.1517679697,"isBuy":false}
{"kind":"order","ts":1784716471805,"orderId":"72905756","owner":"0xd0F8A6422CcdD812f29D8FB75CF5FCd41483BaDc","price":0.023793,"size":24572.8794199243,"isBuy":false}
{"kind":"order","ts":1784716471806,"orderId":"72905757","owner":"0xd0F8A6422CcdD812f29D8FB75CF5FCd41483BaDc","price":0.023796,"size":245728.7941992433,"isBuy":false}
{"kind":"order","ts":1784716471806,"orderId":"72905758","owner":"0xd0F8A6422CcdD812f29D8FB75CF5FCd41483BaDc","price":0.023822,"size":491457.5883984867,"isBuy":false}
{"kind":"order","ts":1784716471812,"orderId":"72905759","owner":"0x2b46C08Ca648e2334A1182D31228A79e2BEC1669","price":0.023782,"size":22893,"isBuy":true}
{"kind":"order","ts":1784716471817,"orderId":"72905760","owner":"0x2b46C08Ca648e2334A1182D31228A79e2BEC1669","price":0.023785,"size":42013,"isBuy":false}
{"kind":"order","ts":1784716471818,"orderId":"72905761","owner":"0x2b46C08Ca648e2334A1182D31228A79e2BEC1669","price":0.023776,"size":21006,"isBuy":true}
{"kind":"order","ts":1784716471825,"orderId":"72905762","owner":"0x2b46C08Ca648e2334A1182D31228A79e2BEC1669","price":0.023791,"size":21006,"isBuy":false}
{"kind":"order","ts":1784716472579,"orderId":"72905763","owner":"0x2b46C08Ca648e2334A1182D31228A79e2BEC1669","price":0.023789,"size":22899,"isBuy":true}
{"kind":"order","ts":1784716472583,"orderId":"72905764","owner":"0x2b46C08Ca648e2334A1182D31228A79e2BEC1669","price":0.023791,"size":42001,"isBuy":false}
{"kind":"order","ts":1784716472583,"orderId":"72905765","owner":"0x2b46C08Ca648e2334A1182D31228A79e2BEC1669","price":0.023782,"size":21000,"isBuy":true}
{"kind":"order","ts":1784716472583,"orderId":"72905766","owner":"0x2b46C08Ca648e2334A1182D31228A79e2BEC1669","price":0.023798,"size":21000,"isBuy":false}
{"kind":"order","ts":1784716472998,"orderId":"72905767","owner":"0x2b46C08Ca648e2334A1182D31228A79e2BEC1669","price":0.023782,"size":22893,"isBuy":true}
{"kind":"order","ts":1784716473014,"orderId":"72905768","owner":"0x2b46C08Ca648e2334A1182D31228A79e2BEC1669","price":0.023785,"size":42012,"isBuy":false}
{"kind":"order","ts":1784716473014,"orderId":"72905769","owner":"0x2b46C08Ca648e2334A1182D31228A79e2BEC1669","price":0.023776,"size":21006,"isBuy":true}
{"kind":"order","ts":1784716473014,"orderId":"72905770","owner":"0x2b46C08Ca648e2334A1182D31228A79e2BEC1669","price":0.023791,"size":21006,"isBuy":false}
{"kind":"order","ts":1784716475003,"orderId":"72905771","owner":"0xd0F8A6422CcdD812f29D8FB75CF5FCd41483BaDc","price":0.023793,"size":9829.9239638427,"isBuy":false}
{"kind":"order","ts":1784716475003,"orderId":"72905772","owner":"0xd0F8A6422CcdD812f29D8FB75CF5FCd41483BaDc","price":0.023795,"size":24574.8099096068,"isBuy":false}
{"kind":"order","ts":1784716475003,"orderId":"72905773","owner":"0xd0F8A6422CcdD812f29D8FB75CF5FCd41483BaDc","price":0.023799,"size":245748.0990960689,"isBuy":false}
{"kind":"order","ts":1784716475003,"orderId":"72905774","owner":"0xd0F8A6422CcdD812f29D8FB75CF5FCd41483BaDc","price":0.023826,"size":491496.1981921379,"isBuy":false}
{"kind":"order","ts":1784716475020,"orderId":"72905775","owner":"0x2b46C08Ca648e2334A1182D31228A79e2BEC1669","price":0.023782,"size":22893,"isBuy":true}
{"kind":"order","ts":1784716475020,"orderId":"72905776","owner":"0x2b46C08Ca648e2334A1182D31228A79e2BEC1669","price":0.023785,"size":42012,"isBuy":false}
{"kind":"order","ts":1784716475020,"orderId":"72905777","owner":"0x8Cf67893C236963233023B56AC56A185B042866F","price":0.023777,"size":21013,"isBuy":true}
{"kind":"order","ts":1784716475028,"orderId":"72905778","owner":"0x8Cf67893C236963233023B56AC56A185B042866F","price":0.023785,"size":21013,"isBuy":false}
{"kind":"order","ts":1784716476995,"orderId":"72905779","owner":"0x2b46C08Ca648e2334A1182D31228A79e2BEC1669","price":0.023784,"size":22894,"isBuy":true}
{"kind":"order","ts":1784716476999,"orderId":"72905780","owner":"0x2b46C08Ca648e2334A1182D31228A79e2BEC1669","price":0.023786,"size":42010,"isBuy":false}
{"kind":"order","ts":1784716476999,"orderId":"72905781","owner":"0x2b46C08Ca648e2334A1182D31228A79e2BEC1669","price":0.023777,"size":21005,"isBuy":true}
{"kind":"order","ts":1784716477000,"orderId":"72905782","owner":"0x2b46C08Ca648e2334A1182D31228A79e2BEC1669","price":0.023793,"size":21005,"isBuy":false}
{"kind":"order","ts":1784716479003,"orderId":"72905783","owner":"0x2b46C08Ca648e2334A1182D31228A79e2BEC1669","price":0.023783,"size":22894,"isBuy":true}
{"kind":"order","ts":1784716479005,"orderId":"72905784","owner":"0x2b46C08Ca648e2334A1182D31228A79e2BEC1669","price":0.023786,"size":42010,"isBuy":false}
{"kind":"order","ts":1784716479005,"orderId":"72905785","owner":"0x2b46C08Ca648e2334A1182D31228A79e2BEC1669","price":0.023792,"size":21005,"isBuy":false}
{"kind":"order","ts":1784716481729,"orderId":"72905786","owner":"0x2b46C08Ca648e2334A1182D31228A79e2BEC1669","price":0.023783,"size":22894,"isBuy":true}
{"kind":"order","ts":1784716481730,"orderId":"72905787","owner":"0x2b46C08Ca648e2334A1182D31228A79e2BEC1669","price":0.023786,"size":42010,"isBuy":false}
{"kind":"order","ts":1784716483093,"orderId":"72905788","owner":"0x2b46C08Ca648e2334A1182D31228A79e2BEC1669","price":0.023786,"size":1883,"isBuy":true}
{"kind":"order","ts":1784716483093,"orderId":"72905789","owner":"0x2b46C08Ca648e2334A1182D31228A79e2BEC1669","price":0.023789,"size":42006,"isBuy":false}
{"kind":"order","ts":1784716483093,"orderId":"72905790","owner":"0x2b46C08Ca648e2334A1182D31228A79e2BEC1669","price":0.02378,"size":21003,"isBuy":true}
{"kind":"order","ts":1784716483093,"orderId":"72905791","owner":"0x2b46C08Ca648e2334A1182D31228A79e2BEC1669","price":0.023795,"size":21003,"isBuy":false}
{"kind":"trade","ts":1784716483093,"orderId":"72905778","isBuy":true,"price":0.023785,"updatedSize":0,"filledSize":21013,"taker":"0x2b46C08Ca648e2334A1182D31228A79e2BEC1669","maker":"0x8Cf67893C236963233023B56AC56A185B042866F"}
{"kind":"order","ts":1784716483855,"orderId":"72905792","owner":"0x2b46C08Ca648e2334A1182D31228A79e2BEC1669","price":0.023781,"size":1882,"isBuy":true}
