{"kind":"order","ts":1784654233455,"orderId":"72644708","owner":"0x2b46C08Ca648e2334A1182D31228A79e2BEC1669","price":0.022877,"size":43711,"isBuy":true}
{"kind":"order","ts":1784654233455,"orderId":"72644709","owner":"0x2b46C08Ca648e2334A1182D31228A79e2BEC1669","price":0.02288,"size":43711,"isBuy":false}
{"kind":"order","ts":1784654235269,"orderId":"72644710","owner":"0x2b46C08Ca648e2334A1182D31228A79e2BEC1669","price":0.022877,"size":43711,"isBuy":true}
{"kind":"order","ts":1784654235272,"orderId":"72644711","owner":"0x2b46C08Ca648e2334A1182D31228A79e2BEC1669","price":0.02288,"size":43711,"isBuy":false}
{"kind":"order","ts":1784654236514,"orderId":"72644712","owner":"0x8Cf67893C236963233023B56AC56A185B042866F","price":0.02288,"size":21854,"isBuy":false}
{"kind":"order","ts":1784654236516,"orderId":"72644713","owner":"0x8Cf67893C236963233023B56AC56A185B042866F","price":0.022873,"size":21854,"isBuy":true}
{"kind":"order","ts":1784654237159,"orderId":"72644714","owner":"0x2b46C08Ca648e2334A1182D31228A79e2BEC1669","price":0.022877,"size":43711,"isBuy":true}
{"kind":"order","ts":1784654237161,"orderId":"72644715","owner":"0x2b46C08Ca648e2334A1182D31228A79e2BEC1669","price":0.02288,"size":43711,"isBuy":false}
{"kind":"order","ts":1784654239250,"orderId":"72644716","owner":"0x2b46C08Ca648e2334A1182D31228A79e2BEC1669","price":0.022877,"size":43711,"isBuy":true}
{"kind":"order","ts":1784654239251,"orderId":"72644717","owner":"0x2b46C08Ca648e2334A1182D31228A79e2BEC1669","price":0.02288,"size":43711,"isBuy":false}
{"kind":"order","ts":1784654239972,"orderId":"72644718","owner":"0xd0F8A6422CcdD812f29D8FB75CF5FCd41483BaDc","price":0.022865,"size":10012.5241093374,"isBuy":true}
{"kind":"order","ts":1784654239976,"orderId":"72644719","owner":"0xd0F8A6422CcdD812f29D8FB75CF5FCd41483BaDc","price":0.022861,"size":25031.3102733435,"isBuy":true}
{"kind":"order","ts":1784654239988,"orderId":"72644720","owner":"0xd0F8A6422CcdD812f29D8FB75CF5FCd41483BaDc","price":0.022846,"size":250313.1027334354,"isBuy":true}
{"kind":"order","ts":1784654239988,"orderId":"72644721","owner":"0xd0F8A6422CcdD812f29D8FB75CF5FCd41483BaDc","price":0.022766,"size":500626.2054668708,"isBuy":true}
{"kind":"order","ts":1784654239995,"orderId":"72644722","owner":"0xd0F8A6422CcdD812f29D8FB75CF5FCd41483BaDc","price":0.022896,"size":10012.5241093374,"isBuy":false}
{"kind":"order","ts":1784654240007,"orderId":"72644723","owner":"0xd0F8A6422CcdD812f29D8FB75CF5FCd41483BaDc","price":0.022906,"size":25031.3102733435,"isBuy":false}
{"kind":"order","ts":1784654240008,"orderId":"72644724","owner":"0xd0F8A6422CcdD812f29D8FB75CF5FCd41483BaDc","price":0.022939,"size":250313.1027334354,"isBuy":false}
{"kind":"order","ts":1784654240016,"orderId":"72644725","owner":"0xd0F8A6422CcdD812f29D8FB75CF5FCd41483BaDc","price":0.023121,"size":500626.2054668708,"isBuy":false}
{"kind":"order","ts":1784654240026,"orderId":"72644726","owner":"0x2b46C08Ca648e2334A1182D31228A79e2BEC1669","price":0.02288,"size":21851,"isBuy":true}
{"kind":"order","ts":1784654240026,"orderId":"72644727","owner":"0x2b46C08Ca648e2334A1182D31228A79e2BEC1669","price":0.022883,"size":43705,"isBuy":false}
{"kind":"order","ts":1784654240039,"orderId":"72644728","owner":"0x2b46C08Ca648e2334A1182D31228A79e2BEC1669","price":0.022874,"size":21852,"isBuy":true}
{"kind":"order","ts":1784654240048,"orderId":"72644729","owner":"0x2b46C08Ca648e2334A1182D31228A79e2BEC1669","price":0.022889,"size":21852,"isBuy":false}
{"kind":"trade","ts":1784654240049,"orderId":"72644712","isBuy":true,"price":0.02288,"updatedSize":0,"filledSize":21854,"taker":"0x2b46C08Ca648e2334A1182D31228A79e2BEC1669","maker":"0x8Cf67893C236963233023B56AC56A185B042866F"}
{"kind":"trade","ts":1784654240058,"orderId":"72644728","isBuy":false,"price":0.022874,"updatedSize":17452,"filledSize":4400,"taker":"0xd651346d7c789536ebf06dc72aE3C8502cd695CC","maker":"0x2b46C08Ca648e2334A1182D31228A79e2BEC1669"}
{"kind":"order","ts":1784654240376,"orderId":"72644730","owner":"0x8Cf67893C236963233023B56AC56A185B042866F","price":0.022882,"size":21854,"isBuy":false}
{"kind":"order","ts":1784654240775,"orderId":"72644731","owner":"0x8Cf67893C236963233023B56AC56A185B042866F","price":0.02289,"size":21854,"isBuy":false}
{"kind":"order","ts":1784654241271,"orderId":"72644732","owner":"0x8Cf67893C236963233023B56AC56A185B042866F","price":0.022882,"size":21854,"isBuy":true}
{"kind":"order","ts":1784654241991,"orderId":"72644733","owner":"0x2b46C08Ca648e2334A1182D31228A79e2BEC1669","price":0.02288,"size":43703,"isBuy":true}
{"kind":"order","ts":1784654241994,"orderId":"72644734","owner":"0x2b46C08Ca648e2334A1182D31228A79e2BEC1669","price":0.022883,"size":43703,"isBuy":false}
{"kind":"order","ts":1784654242005,"orderId":"72644735","owner":"0x8Cf67893C236963233023B56AC56A185B042866F","price":0.022882,"size":21854,"isBuy":true}
{"kind":"order","ts":1784654244425,"orderId":"72644736","owner":"0x2b46C08Ca648e2334A1182D31228A79e2BEC1669","price":0.02288,"size":43703,"isBuy":true}
{"kind":"order","ts":1784654244430,"orderId":"72644737","owner":"0x2b46C08Ca648e2334A1182D31228A79e2BEC1669","price":0.022883,"size":43703,"isBuy":false}
{"kind":"order","ts":1784654246411,"orderId":"72644738","owner":"0x2b46C08Ca648e2334A1182D31228A79e2BEC1669","price":0.02288,"size":43703,"isBuy":true}
{"kind":"order","ts":1784654246411,"orderId":"72644739","owner":"0x2b46C08Ca648e2334A1182D31228A79e2BEC1669","price":0.022883,"size":43703,"isBuy":false}
{"kind":"order","ts":1784654248453,"orderId":"72644740","owner":"0x2b46C08Ca648e2334A1182D31228A79e2BEC1669","price":0.022878,"size":43707,"isBuy":true}
{"kind":"order","ts":1784654248456,"orderId":"72644741","owner":"0x2b46C08Ca648e2334A1182D31228A79e2BEC1669","price":0.022881,"size":21853,"isBuy":false}
{"kind":"order","ts":1784654248463,"orderId":"72644742","owner":"0x2b46C08Ca648e2334A1182D31228A79e2BEC1669","price":0.022872,"size":21853,"isBuy":true}
{"kind":"order","ts":1784654248463,"orderId":"72644743","owner":"0x2b46C08Ca648e2334A1182D31228A79e2BEC1669","price":0.022887,"size":21853,"isBuy":false}
{"kind":"trade","ts":1784654248471,"orderId":"72644735","isBuy":false,"price":0.022882,"updatedSize":0,"filledSize":21854,"taker":"0x2b46C08Ca648e2334A1182D31228A79e2BEC1669","maker":"0x8Cf67893C236963233023B56AC56A185B042866F"}
{"kind":"order","ts":1784654248944,"orderId":"72644744","owner":"0x8Cf67893C236963233023B56AC56A185B042866F","price":0.022881,"size":21854,"isBuy":true}
{"kind":"order","ts":1784654250183,"orderId":"72644745","owner":"0xd0F8A6422CcdD812f29D8FB75CF5FCd41483BaDc","price":0.022858,"size":10011.3310083078,"isBuy":true}
{"kind":"order","ts":1784654250183,"orderId":"72644746","owner":"0xd0F8A6422CcdD812f29D8FB75CF5FCd41483BaDc","price":0.022853,"size":25028.3275207695,"isBuy":true}
{"kind":"order","ts":1784654250183,"orderId":"72644747","owner":"0xd0F8A6422CcdD812f29D8FB75CF5FCd41483BaDc","price":0.022839,"size":250283.2752076956,"isBuy":true}
{"kind":"order","ts":1784654250184,"orderId":"72644748","owner":"0xd0F8A6422CcdD812f29D8FB75CF5FCd41483BaDc","price":0.022758,"size":500566.5504153913,"isBuy":true}
{"kind":"order","ts":1784654250190,"orderId":"72644749","owner":"0xd0F8A6422CcdD812f29D8FB75CF5FCd41483BaDc","price":0.022894,"size":10011.3310083078,"isBuy":false}
{"kind":"order","ts":1784654250191,"orderId":"72644750","owner":"0xd0F8A6422CcdD812f29D8FB75CF5FCd41483BaDc","price":0.022904,"size":25028.3275207695,"isBuy":false}
{"kind":"order","ts":1784654250191,"orderId":"72644751","owner":"0xd0F8A6422CcdD812f29D8FB75CF5FCd41483BaDc","price":0.022937,"size":250283.2752076956,"isBuy":false}
{"kind":"order","ts":1784654250191,"orderId":"72644752","owner":"0xd0F8A6422CcdD812f29D8FB75CF5FCd41483BaDc","price":0.023119,"size":500566.5504153913,"isBuy":false}
{"kind":"order","ts":1784654250191,"orderId":"72644753","owner":"0x8Cf67893C236963233023B56AC56A185B042866F","price":0.022872,"size":21854,"isBuy":true}
{"kind":"order","ts":1784654250223,"orderId":"72644754","owner":"0x8Cf67893C236963233023B56AC56A185B042866F","price":0.02288,"size":21854,"isBuy":false}
{"kind":"order","ts":1784654250410,"orderId":"72644755","owner":"0x2b46C08Ca648e2334A1182D31228A79e2BEC1669","price":0.022878,"size":43709,"isBuy":true}
{"kind":"order","ts":1784654250414,"orderId":"72644756","owner":"0x2b46C08Ca648e2334A1182D31228A79e2BEC1669","price":0.022881,"size":43709,"isBuy":false}
{"kind":"order","ts":1784654250424,"orderId":"72644757","owner":"0x2b46C08Ca648e2334A1182D31228A79e2BEC1669","price":0.022872,"size":21854,"isBuy":true}
{"kind":"order","ts":1784654250425,"orderId":"72644758","owner":"0x2b46C08Ca648e2334A1182D31228A79e2BEC1669","price":0.022887,"size":21854,"isBuy":false}
{"kind":"order","ts":1784654250433,"orderId":"72644759","owner":"0x8Cf67893C236963233023B56AC56A185B042866F","price":0.02288,"size":21854,"isBuy":false}
{"kind":"order","ts":1784654252586,"orderId":"72644760","owner":"0x2b46C08Ca648e2334A1182D31228A79e2BEC1669","price":0.022878,"size":43709,"isBuy":true}
{"kind":"order","ts":1784654252587,"orderId":"72644761","owner":"0x2b46C08Ca648e2334A1182D31228A79e2BEC1669","price":0.022881,"size":43709,"isBuy":false}
{"kind":"order","ts":1784654252610,"orderId":"72644762","owner":"0x2b46C08Ca648e2334A1182D31228A79e2BEC1669","price":0.022872,"size":21854,"isBuy":true}
{"kind":"order","ts":1784654252611,"orderId":"72644763","owner":"0x2b46C08Ca648e2334A1182D31228A79e2BEC1669","price":0.022887,"size":21854,"isBuy":false}
{"kind":"order","ts":1784654254557,"orderId":"72644764","owner":"0x2b46C08Ca648e2334A1182D31228A79e2BEC1669","price":0.022878,"size":43709,"isBuy":true}
{"kind":"order","ts":1784654254558,"orderId":"72644765","owner":"0x2b46C08Ca648e2334A1182D31228A79e2BEC1669","price":0.022881,"size":43709,"isBuy":false}
{"kind":"order","ts":1784654254567,"orderId":"72644766","owner":"0x2b46C08Ca648e2334A1182D31228A79e2BEC1669","price":0.022872,"size":21854,"isBuy":true}
{"kind":"order","ts":1784654254568,"orderId":"72644767","owner":"0x2b46C08Ca648e2334A1182D31228A79e2BEC1669","price":0.022887,"size":21854,"isBuy":false}
{"kind":"order","ts":1784654259650,"orderId":"72644768","owner":"0x2b46C08Ca648e2334A1182D31228A79e2BEC1669","price":0.022878,"size":43709,"isBuy":true}
{"kind":"order","ts":1784654259654,"orderId":"72644769","owner":"0x2b46C08Ca648e2334A1182D31228A79e2BEC1669","price":0.022881,"size":43709,"isBuy":false}
{"kind":"order","ts":1784654259656,"orderId":"72644770","owner":"0x2b46C08Ca648e2334A1182D31228A79e2BEC1669","price":0.022872,"size":21854,"isBuy":true}
{"kind":"order","ts":1784654259656,"orderId":"72644771","owner":"0x2b46C08Ca648e2334A1182D31228A79e2BEC1669","price":0.022887,"size":21854,"isBuy":false}
{"kind":"order","ts":1784654262043,"orderId":"72644772","owner":"0x2b46C08Ca648e2334A1182D31228A79e2BEC1669","price":0.022878,"size":43709,"isBuy":true}
{"kind":"order","ts":1784654262047,"orderId":"72644773","owner":"0x2b46C08Ca648e2334A1182D31228A79e2BEC1669","price":0.022881,"size":43709,"isBuy":false}
{"kind":"order","ts":1784654264277,"orderId":"72644774","owner":"0x2b46C08Ca648e2334A1182D31228A79e2BEC1669","price":0.022878,"size":43709,"isBuy":true}
{"kind":"order","ts":1784654264277,"orderId":"72644775","owner":"0x2b46C08Ca648e2334A1182D31228A79e2BEC1669","price":0.022881,"size":43709,"isBuy":false}
{"kind":"order","ts":1784654266072,"orderId":"72644776","owner":"0x2b46C08Ca648e2334A1182D31228A79e2BEC1669","price":0.022878,"size":43709,"isBuy":true}
{"kind":"order","ts":1784654266074,"orderId":"72644777","owner":"0x2b46C08Ca648e2334A1182D31228A79e2BEC1669","price":0.022881,"size":43709,"isBuy":false}
{"kind":"order","ts":1784654268066,"orderId":"72644778","owner":"0x2b46C08Ca648e2334A1182D31228A79e2BEC1669","price":0.022878,"size":43709,"isBuy":true}
{"kind":"order","ts":1784654268069,"orderId":"72644779","owner":"0x2b46C08Ca648e2334A1182D31228A79e2BEC1669","price":0.022881,"size":43709,"isBuy":false}
{"kind":"order","ts":1784654270077,"orderId":"72644780","owner":"0x2b46C08Ca648e2334A1182D31228A79e2BEC1669","price":0.022877,"size":43712,"isBuy":true}
{"kind":"order","ts":1784654270081,"orderId":"72644781","owner":"0x2b46C08Ca648e2334A1182D31228A79e2BEC1669","price":0.022879,"size":43712,"isBuy":false}
{"kind":"order","ts":1784654270090,"orderId":"72644782","owner":"0x2b46C08Ca648e2334A1182D31228A79e2BEC1669","price":0.022871,"size":21856,"isBuy":true}
{"kind":"order","ts":1784654270091,"orderId":"72644783","owner":"0x2b46C08Ca648e2334A1182D31228A79e2BEC1669","price":0.022885,"size":21856,"isBuy":false}
{"kind":"order","ts":1784654272147,"orderId":"72644784","owner":"0x2b46C08Ca648e2334A1182D31228A79e2BEC1669","price":0.022877,"size":43712,"isBuy":true}
{"kind":"order","ts":1784654272151,"orderId":"72644785","owner":"0x2b46C08Ca648e2334A1182D31228A79e2BEC1669","price":0.022879,"size":43712,"isBuy":false}
{"kind":"order","ts":1784654274114,"orderId":"72644786","owner":"0x2b46C08Ca648e2334A1182D31228A79e2BEC1669","price":0.022877,"size":43712,"isBuy":true}
{"kind":"order","ts":1784654274117,"orderId":"72644787","owner":"0x2b46C08Ca648e2334A1182D31228A79e2BEC1669","price":0.022879,"size":43712,"isBuy":false}
{"kind":"order","ts":1784654276531,"orderId":"72644788","owner":"0x2b46C08Ca648e2334A1182D31228A79e2BEC1669","price":0.022877,"size":43712,"isBuy":true}
{"kind":"order","ts":1784654276542,"orderId":"72644789","owner":"0x2b46C08Ca648e2334A1182D31228A79e2BEC1669","price":0.022879,"size":43712,"isBuy":false}
{"kind":"order","ts":1784654278578,"orderId":"72644790","owner":"0x2b46C08Ca648e2334A1182D31228A79e2BEC1669","price":0.022877,"size":43710,"isBuy":true}
{"kind":"order","ts":1784654278580,"orderId":"72644791","owner":"0x2b46C08Ca648e2334A1182D31228A79e2BEC1669","price":0.02288,"size":43710,"isBuy":false}
{"kind":"order","ts":1784654278592,"orderId":"72644792","owner":"0x2b46C08Ca648e2334A1182D31228A79e2BEC1669","price":0.022871,"size":21855,"isBuy":true}
{"kind":"order","ts":1784654278592,"orderId":"72644793","owner":"0x2b46C08Ca648e2334A1182D31228A79e2BEC1669","price":0.022886,"size":21855,"isBuy":false}
{"kind":"order","ts":1784654280531,"orderId":"72644794","owner":"0x2b46C08Ca648e2334A1182D31228A79e2BEC1669","price":0.022877,"size":43710,"isBuy":true}
{"kind":"order","ts":1784654280534,"orderId":"72644795","owner":"0x2b46C08Ca648e2334A1182D31228A79e2BEC1669","price":0.02288,"size":43710,"isBuy":false}
{"kind":"order","ts":1784654280546,"orderId":"72644796","owner":"0x2b46C08Ca648e2334A1182D31228A79e2BEC1669","price":0.022871,"size":21855,"isBuy":true}
{"kind":"order","ts":1784654280546,"orderId":"72644797","owner":"0x2b46C08Ca648e2334A1182D31228A79e2BEC1669","price":0.022886,"size":21855,"isBuy":false}
{"kind":"order","ts":1784654282519,"orderId":"72644798","owner":"0x2b46C08Ca648e2334A1182D31228A79e2BEC1669","price":0.022877,"size":43710,"isBuy":true}
{"kind":"order","ts":1784654282520,"orderId":"72644799","owner":"0x2b46C08Ca648e2334A1182D31228A79e2BEC1669","price":0.02288,"size":43710,"isBuy":false}
{"kind":"order","ts":1784654296208,"orderId":"72644800","owner":"0x2b46C08Ca648e2334A1182D31228A79e2BEC1669","price":0.022877,"size":43712,"isBuy":true}
{"kind":"order","ts":1784654296216,"orderId":"72644801","owner":"0x2b46C08Ca648e2334A1182D31228A79e2BEC1669","price":0.022879,"size":43712,"isBuy":false}
{"kind":"order","ts":1784654296216,"orderId":"72644802","owner":"0x2b46C08Ca648e2334A1182D31228A79e2BEC1669","price":0.022871,"size":21856,"isBuy":true}
{"kind":"order","ts":1784654296216,"orderId":"72644803","owner":"0x2b46C08Ca648e2334A1182D31228A79e2BEC1669","price":0.022885,"size":21856,"isBuy":false}
{"kind":"order","ts":1784654298190,"orderId":"72644804","owner":"0x2b46C08Ca648e2334A1182D31228A79e2BEC1669","price":0.022877,"size":43712,"isBuy":true}
{"kind":"order","ts":1784654298190,"orderId":"72644805","owner":"0x2b46C08Ca648e2334A1182D31228A79e2BEC1669","price":0.022879,"size":43712,"isBuy":false}
{"kind":"order","ts":1784654299471,"orderId":"72644806","owner":"0x8Cf67893C236963233023B56AC56A185B042866F","price":0.022872,"size":21854,"isBuy":true}
{"kind":"order","ts":1784654299475,"orderId":"72644807","owner":"0x8Cf67893C236963233023B56AC56A185B042866F","price":0.022879,"size":21854,"isBuy":false}
{"kind":"order","ts":1784654300192,"orderId":"72644808","owner":"0x2b46C08Ca648e2334A1182D31228A79e2BEC1669","price":0.022876,"size":43713,"isBuy":true}
{"kind":"order","ts":1784654300194,"orderId":"72644809","owner":"0x2b46C08Ca648e2334A1182D31228A79e2BEC1669","price":0.022879,"size":43713,"isBuy":false}
{"kind":"order","ts":1784654300204,"orderId":"72644810","owner":"0x2b46C08Ca648e2334A1182D31228A79e2BEC1669","price":0.02287,"size":21856,"isBuy":true}
{"kind":"order","ts":1784654302221,"orderId":"72644811","owner":"0x2b46C08Ca648e2334A1182D31228A79e2BEC1669","price":0.022876,"size":43713,"isBuy":true}
{"kind":"order","ts":1784654302224,"orderId":"72644812","owner":"0x2b46C08Ca648e2334A1182D31228A79e2BEC1669","price":0.022879,"size":43713,"isBuy":false}
{"kind":"order","ts":1784654302232,"orderId":"72644813","owner":"0x2b46C08Ca648e2334A1182D31228A79e2BEC1669","price":0.02287,"size":21856,"isBuy":true}
{"kind":"order","ts":1784654302232,"orderId":"72644814","owner":"0x2b46C08Ca648e2334A1182D31228A79e2BEC1669","price":0.022885,"size":21856,"isBuy":false}
{"kind":"order","ts":1784654304605,"orderId":"72644815","owner":"0x2b46C08Ca648e2334A1182D31228A79e2BEC1669","price":0.022877,"size":43712,"isBuy":true}
{"kind":"order","ts":1784654304620,"orderId":"72644816","owner":"0x2b46C08Ca648e2334A1182D31228A79e2BEC1669","price":0.022879,"size":43712,"isBuy":false}
{"kind":"order","ts":1784654304620,"orderId":"72644817","owner":"0x2b46C08Ca648e2334A1182D31228A79e2BEC1669","price":0.022871,"size":21856,"isBuy":true}
{"kind":"order","ts":1784654304620,"orderId":"72644818","owner":"0x2b46C08Ca648e2334A1182D31228A79e2BEC1669","price":0.022885,"size":21856,"isBuy":false}
{"kind":"order","ts":1784654306641,"orderId":"72644819","owner":"0x2b46C08Ca648e2334A1182D31228A79e2BEC1669","price":0.022877,"size":43712,"isBuy":true}
{"kind":"order","ts":1784654306642,"orderId":"72644820","owner":"0x2b46C08Ca648e2334A1182D31228A79e2BEC1669","price":0.022879,"size":43712,"isBuy":false}
{"kind":"order","ts":1784654308630,"orderId":"72644821","owner":"0x2b46C08Ca648e2334A1182D31228A79e2BEC1669","price":0.022876,"size":43713,"isBuy":true}
{"kind":"order","ts":1784654308631,"orderId":"72644822","owner":"0x2b46C08Ca648e2334A1182D31228A79e2BEC1669","price":0.022878,"size":43713,"isBuy":false}
{"kind":"order","ts":1784654308637,"orderId":"72644823","owner":"0x2b46C08Ca648e2334A1182D31228A79e2BEC1669","price":0.02287,"size":21856,"isBuy":true}
{"kind":"order","ts":1784654308638,"orderId":"72644824","owner":"0x2b46C08Ca648e2334A1182D31228A79e2BEC1669","price":0.022884,"size":21856,"isBuy":false}
{"kind":"trade","ts":1784654309528,"orderId":"72644806","isBuy":false,"price":0.022872,"updatedSize":20874.9335244966,"filledSize":979.0664755034,"taker":"0x55e803351A65D5267da6b0AaC81beB944328710c","maker":"0x8Cf67893C236963233023B56AC56A185B042866F"}
{"kind":"order","ts":1784654310651,"orderId":"72644825","owner":"0x2b46C08Ca648e2334A1182D31228A79e2BEC1669","price":0.022876,"size":43713,"isBuy":true}
{"kind":"order","ts":1784654310652,"orderId":"72644826","owner":"0x2b46C08Ca648e2334A1182D31228A79e2BEC1669","price":0.022878,"size":43713,"isBuy":false}
{"kind":"order","ts":1784654312646,"orderId":"72644827","owner":"0x2b46C08Ca648e2334A1182D31228A79e2BEC1669","price":0.022876,"size":43713,"isBuy":true}
{"kind":"order","ts":1784654312646,"orderId":"72644828","owner":"0x2b46C08Ca648e2334A1182D31228A79e2BEC1669","price":0.022878,"size":43713,"isBuy":false}
{"kind":"trade","ts":1784654314680,"orderId":"72644806","isBuy":false,"price":0.022872,"updatedSize":19713.2044397149,"filledSize":1161.7290847817,"taker":"0x1c1823f6021E5Cf930B8223305321042a5a2BB0e","maker":"0x8Cf67893C236963233023B56AC56A185B042866F"}
{"kind":"order","ts":1784654315168,"orderId":"72644829","owner":"0xd0F8A6422CcdD812f29D8FB75CF5FCd41483BaDc","price":0.022855,"size":10012.5241093374,"isBuy":true}
{"kind":"order","ts":1784654315168,"orderId":"72644830","owner":"0xd0F8A6422CcdD812f29D8FB75CF5FCd41483BaDc","price":0.022851,"size":25031.3102733435,"isBuy":true}
{"kind":"order","ts":1784654315182,"orderId":"72644831","owner":"0xd0F8A6422CcdD812f29D8FB75CF5FCd41483BaDc","price":0.022836,"size":250313.1027334354,"isBuy":true}
{"kind":"order","ts":1784654315182,"orderId":"72644832","owner":"0xd0F8A6422CcdD812f29D8FB75CF5FCd41483BaDc","price":0.022756,"size":500626.2054668708,"isBuy":true}
{"kind":"order","ts":1784654315191,"orderId":"72644833","owner":"0xd0F8A6422CcdD812f29D8FB75CF5FCd41483BaDc","price":0.022881,"size":10012.5241093374,"isBuy":false}
{"kind":"order","ts":1784654315200,"orderId":"72644834","owner":"0xd0F8A6422CcdD812f29D8FB75CF5FCd41483BaDc","price":0.022891,"size":25031.3102733435,"isBuy":false}
{"kind":"order","ts":1784654315200,"orderId":"72644835","owner":"0xd0F8A6422CcdD812f29D8FB75CF5FCd41483BaDc","price":0.022925,"size":250313.1027334354,"isBuy":false}
{"kind":"order","ts":1784654315210,"orderId":"72644836","owner":"0xd0F8A6422CcdD812f29D8FB75CF5FCd41483BaDc","price":0.023107,"size":500626.2054668708,"isBuy":false}
{"kind":"order","ts":1784654315223,"orderId":"72644837","owner":"0x2b46C08Ca648e2334A1182D31228A79e2BEC1669","price":0.022864,"size":43736,"isBuy":true}
{"kind":"order","ts":1784654315224,"orderId":"72644838","owner":"0x2b46C08Ca648e2334A1182D31228A79e2BEC1669","price":0.022866,"size":24022.7955602851,"isBuy":false}
{"kind":"order","ts":1784654315232,"orderId":"72644839","owner":"0x2b46C08Ca648e2334A1182D31228A79e2BEC1669","price":0.022858,"size":21868,"isBuy":true}
{"kind":"order","ts":1784654315238,"orderId":"72644840","owner":"0x2b46C08Ca648e2334A1182D31228A79e2BEC1669","price":0.022872,"size":21868,"isBuy":false}
{"kind":"order","ts":1784654315238,"orderId":"72644841","owner":"0x8Cf67893C236963233023B56AC56A185B042866F","price":0.022862,"size":21854,"isBuy":true}
{"kind":"trade","ts":1784654315251,"orderId":"72644806","isBuy":false,"price":0.022872,"updatedSize":0,"filledSize":19713.2044397149,"taker":"0x2b46C08Ca648e2334A1182D31228A79e2BEC1669","maker":"0x8Cf67893C236963233023B56AC56A185B042866F"}
{"kind":"order","ts":1784654315486,"orderId":"72644842","owner":"0xd0F8A6422CcdD812f29D8FB75CF5FCd41483BaDc","price":0.022847,"size":10012.5241093374,"isBuy":true}
{"kind":"order","ts":1784654315489,"orderId":"72644843","owner":"0xd0F8A6422CcdD812f29D8FB75CF5FCd41483BaDc","price":0.022843,"size":25031.3102733435,"isBuy":true}
{"kind":"order","ts":1784654315499,"orderId":"72644844","owner":"0xd0F8A6422CcdD812f29D8FB75CF5FCd41483BaDc","price":0.022828,"size":250313.1027334354,"isBuy":true}
{"kind":"order","ts":1784654315501,"orderId":"72644845","owner":"0xd0F8A6422CcdD812f29D8FB75CF5FCd41483BaDc","price":0.022748,"size":500626.2054668708,"isBuy":true}
{"kind":"order","ts":1784654315518,"orderId":"72644846","owner":"0xd0F8A6422CcdD812f29D8FB75CF5FCd41483BaDc","price":0.022878,"size":10012.5241093374,"isBuy":false}
{"kind":"order","ts":1784654315518,"orderId":"72644847","owner":"0xd0F8A6422CcdD812f29D8FB75CF5FCd41483BaDc","price":0.022888,"size":25031.3102733435,"isBuy":false}
{"kind":"order","ts":1784654315518,"orderId":"72644848","owner":"0xd0F8A6422CcdD812f29D8FB75CF5FCd41483BaDc","price":0.022921,"size":250313.1027334354,"isBuy":false}
{"kind":"order","ts":1784654315534,"orderId":"72644849","owner":"0xd0F8A6422CcdD812f29D8FB75CF5FCd41483BaDc","price":0.023103,"size":500626.2054668708,"isBuy":false}
{"kind":"order","ts":1784654315534,"orderId":"72644850","owner":"0x2b46C08Ca648e2334A1182D31228A79e2BEC1669","price":0.022866,"size":43732,"isBuy":true}
{"kind":"order","ts":1784654315534,"orderId":"72644851","owner":"0x2b46C08Ca648e2334A1182D31228A79e2BEC1669","price":0.022869,"size":43732,"isBuy":false}
{"kind":"order","ts":1784654315546,"orderId":"72644852","owner":"0x2b46C08Ca648e2334A1182D31228A79e2BEC1669","price":0.02286,"size":21866,"isBuy":true}
{"kind":"order","ts":1784654315546,"orderId":"72644853","owner":"0x2b46C08Ca648e2334A1182D31228A79e2BEC1669","price":0.022875,"size":21866,"isBuy":false}
{"kind":"order","ts":1784654316336,"orderId":"72644854","owner":"0x8Cf67893C236963233023B56AC56A185B042866F","price":0.022869,"size":21854,"isBuy":false}
{"kind":"order","ts":1784654316337,"orderId":"72644855","owner":"0x8Cf67893C236963233023B56AC56A185B042866F","price":0.022859,"size":21854,"isBuy":true}
{"kind":"order","ts":1784654316668,"orderId":"72644856","owner":"0x2b46C08Ca648e2334A1182D31228A79e2BEC1669","price":0.022864,"size":43738,"isBuy":true}
{"kind":"order","ts":1784654316673,"orderId":"72644857","owner":"0x2b46C08Ca648e2334A1182D31228A79e2BEC1669","price":0.022866,"size":43738,"isBuy":false}
{"kind":"order","ts":1784654316674,"orderId":"72644858","owner":"0x2b46C08Ca648e2334A1182D31228A79e2BEC1669","price":0.022858,"size":21869,"isBuy":true}
{"kind":"order","ts":1784654316674,"orderId":"72644859","owner":"0x2b46C08Ca648e2334A1182D31228A79e2BEC1669","price":0.022872,"size":21869,"isBuy":false}
{"kind":"order","ts":1784654316691,"orderId":"72644860","owner":"0x8Cf67893C236963233023B56AC56A185B042866F","price":0.022867,"size":21854,"isBuy":false}
{"kind":"order","ts":1784654317545,"orderId":"72644861","owner":"0x8Cf67893C236963233023B56AC56A185B042866F","price":0.022861,"size":21854,"isBuy":true}
{"kind":"order","ts":1784654318056,"orderId":"72644862","owner":"0x8Cf67893C236963233023B56AC56A185B042866F","price":0.022859,"size":21854,"isBuy":true}
{"kind":"order","ts":1784654318299,"orderId":"72644863","owner":"0xd0F8A6422CcdD812f29D8FB75CF5FCd41483BaDc","price":0.022838,"size":10014.9118792386,"isBuy":true}
{"kind":"order","ts":1784654318302,"orderId":"72644864","owner":"0xd0F8A6422CcdD812f29D8FB75CF5FCd41483BaDc","price":0.022833,"size":25037.2796980966,"isBuy":true}
{"kind":"order","ts":1784654318303,"orderId":"72644865","owner":"0xd0F8A6422CcdD812f29D8FB75CF5FCd41483BaDc","price":0.022819,"size":250372.7969809669,"isBuy":true}
{"kind":"order","ts":1784654318303,"orderId":"72644866","owner":"0xd0F8A6422CcdD812f29D8FB75CF5FCd41483BaDc","price":0.022738,"size":500745.5939619339,"isBuy":true}
{"kind":"order","ts":1784654318318,"orderId":"72644867","owner":"0xd0F8A6422CcdD812f29D8FB75CF5FCd41483BaDc","price":0.022872,"size":10014.9118792386,"isBuy":false}
{"kind":"order","ts":1784654318321,"orderId":"72644868","owner":"0xd0F8A6422CcdD812f29D8FB75CF5FCd41483BaDc","price":0.022882,"size":25037.2796980966,"isBuy":false}
{"kind":"order","ts":1784654318321,"orderId":"72644869","owner":"0xd0F8A6422CcdD812f29D8FB75CF5FCd41483BaDc","price":0.022915,"size":250372.7969809669,"isBuy":false}
{"kind":"order","ts":1784654318351,"orderId":"72644870","owner":"0xd0F8A6422CcdD812f29D8FB75CF5FCd41483BaDc","price":0.023097,"size":500745.5939619339,"isBuy":false}
{"kind":"order","ts":1784654318770,"orderId":"72644871","owner":"0x2b46C08Ca648e2334A1182D31228A79e2BEC1669","price":0.022863,"size":43739,"isBuy":true}
{"kind":"order","ts":1784654318775,"orderId":"72644872","owner":"0x2b46C08Ca648e2334A1182D31228A79e2BEC1669","price":0.022866,"size":43739,"isBuy":false}
{"kind":"order","ts":1784654318775,"orderId":"72644873","owner":"0x2b46C08Ca648e2334A1182D31228A79e2BEC1669","price":0.022857,"size":21869,"isBuy":true}
{"kind":"order","ts":1784654319549,"orderId":"72644874","owner":"0x8Cf67893C236963233023B56AC56A185B042866F","price":0.022851,"size":21864,"isBuy":true}
{"kind":"order","ts":1784654319932,"orderId":"72644875","owner":"0xd0F8A6422CcdD812f29D8FB75CF5FCd41483BaDc","price":0.022832,"size":10018.4974553415,"isBuy":true}
{"kind":"order","ts":1784654319936,"orderId":"72644876","owner":"0xd0F8A6422CcdD812f29D8FB75CF5FCd41483BaDc","price":0.022827,"size":25046.2436383537,"isBuy":true}
{"kind":"order","ts":1784654319936,"orderId":"72644877","owner":"0xd0F8A6422CcdD812f29D8FB75CF5FCd41483BaDc","price":0.022813,"size":250462.4363835376,"isBuy":true}
{"kind":"order","ts":1784654319936,"orderId":"72644878","owner":"0xd0F8A6422CcdD812f29D8FB75CF5FCd41483BaDc","price":0.022732,"size":500924.8727670753,"isBuy":true}
{"kind":"order","ts":1784654319954,"orderId":"72644879","owner":"0xd0F8A6422CcdD812f29D8FB75CF5FCd41483BaDc","price":0.022866,"size":10018.4974553415,"isBuy":false}
{"kind":"order","ts":1784654319954,"orderId":"72644880","owner":"0xd0F8A6422CcdD812f29D8FB75CF5FCd41483BaDc","price":0.022876,"size":25046.2436383537,"isBuy":false}
{"kind":"order","ts":1784654319954,"orderId":"72644881","owner":"0xd0F8A6422CcdD812f29D8FB75CF5FCd41483BaDc","price":0.022909,"size":250462.4363835376,"isBuy":false}
{"kind":"order","ts":1784654319973,"orderId":"72644882","owner":"0xd0F8A6422CcdD812f29D8FB75CF5FCd41483BaDc","price":0.023091,"size":500924.8727670753,"isBuy":false}
{"kind":"order","ts":1784654319973,"orderId":"72644883","owner":"0x2b46C08Ca648e2334A1182D31228A79e2BEC1669","price":0.022856,"size":43752,"isBuy":true}
{"kind":"order","ts":1784654319973,"orderId":"72644884","owner":"0x2b46C08Ca648e2334A1182D31228A79e2BEC1669","price":0.022859,"size":43752,"isBuy":false}
{"kind":"order","ts":1784654319990,"orderId":"72644885","owner":"0x2b46C08Ca648e2334A1182D31228A79e2BEC1669","price":0.02285,"size":21876,"isBuy":true}
{"kind":"order","ts":1784654319990,"orderId":"72644886","owner":"0x2b46C08Ca648e2334A1182D31228A79e2BEC1669","price":0.022865,"size":21876,"isBuy":false}
{"kind":"order","ts":1784654320365,"orderId":"72644887","owner":"0xd0F8A6422CcdD812f29D8FB75CF5FCd41483BaDc","price":0.022836,"size":10017.3017395491,"isBuy":true}
{"kind":"order","ts":1784654320365,"orderId":"72644888","owner":"0xd0F8A6422CcdD812f29D8FB75CF5FCd41483BaDc","price":0.022832,"size":25043.2543488728,"isBuy":true}
{"kind":"order","ts":1784654320365,"orderId":"72644889","owner":"0xd0F8A6422CcdD812f29D8FB75CF5FCd41483BaDc","price":0.022817,"size":250432.5434887284,"isBuy":true}
{"kind":"order","ts":1784654320365,"orderId":"72644890","owner":"0xd0F8A6422CcdD812f29D8FB75CF5FCd41483BaDc","price":0.022737,"size":500865.0869774568,"isBuy":true}
{"kind":"order","ts":1784654320377,"orderId":"72644891","owner":"0xd0F8A6422CcdD812f29D8FB75CF5FCd41483BaDc","price":0.022869,"size":10017.3017395491,"isBuy":false}
{"kind":"order","ts":1784654320377,"orderId":"72644892","owner":"0xd0F8A6422CcdD812f29D8FB75CF5FCd41483BaDc","price":0.022879,"size":25043.2543488728,"isBuy":false}
{"kind":"order","ts":1784654320377,"orderId":"72644893","owner":"0xd0F8A6422CcdD812f29D8FB75CF5FCd41483BaDc","price":0.022912,"size":250432.5434887284,"isBuy":false}
{"kind":"order","ts":1784654320395,"orderId":"72644894","owner":"0xd0F8A6422CcdD812f29D8FB75CF5FCd41483BaDc","price":0.023094,"size":500865.0869774568,"isBuy":false}
{"kind":"order","ts":1784654320396,"orderId":"72644895","owner":"0x8Cf67893C236963233023B56AC56A185B042866F","price":0.022847,"size":21864,"isBuy":true}
{"kind":"order","ts":1784654320766,"orderId":"72644896","owner":"0x8Cf67893C236963233023B56AC56A185B042866F","price":0.022859,"size":21864,"isBuy":false}
{"kind":"order","ts":1784654321298,"orderId":"72644897","owner":"0x8Cf67893C236963233023B56AC56A185B042866F","price":0.022852,"size":21864,"isBuy":true}
{"kind":"order","ts":1784654321899,"orderId":"72644898","owner":"0x2b46C08Ca648e2334A1182D31228A79e2BEC1669","price":0.022856,"size":43752,"isBuy":true}
{"kind":"order","ts":1784654321901,"orderId":"72644899","owner":"0x2b46C08Ca648e2334A1182D31228A79e2BEC1669","price":0.022859,"size":43752,"isBuy":false}
{"kind":"trade","ts":1784654322463,"orderId":"72644896","isBuy":true,"price":0.022859,"updatedSize":18026.6951747671,"filledSize":3837.3048252329,"taker":"0x0d91b0e1fa8aa09088e74f5746bf1e8d66450b15","maker":"0x8Cf67893C236963233023B56AC56A185B042866F"}
{"kind":"order","ts":1784654323900,"orderId":"72644900","owner":"0x2b46C08Ca648e2334A1182D31228A79e2BEC1669","price":0.022854,"size":43755,"isBuy":true}
{"kind":"order","ts":1784654323901,"orderId":"72644901","owner":"0x2b46C08Ca648e2334A1182D31228A79e2BEC1669","price":0.022857,"size":43755,"isBuy":false}
{"kind":"order","ts":1784654323901,"orderId":"72644902","owner":"0x2b46C08Ca648e2334A1182D31228A79e2BEC1669","price":0.022848,"size":21877,"isBuy":true}
{"kind":"order","ts":1784654323901,"orderId":"72644903","owner":"0x2b46C08Ca648e2334A1182D31228A79e2BEC1669","price":0.022863,"size":21877,"isBuy":false}
{"kind":"order","ts":1784654324339,"orderId":"72644904","owner":"0x2b46C08Ca648e2334A1182D31228A79e2BEC1669","price":0.022858,"size":43749,"isBuy":true}
{"kind":"order","ts":1784654324341,"orderId":"72644905","owner":"0x2b46C08Ca648e2334A1182D31228A79e2BEC1669","price":0.022861,"size":43749,"isBuy":false}
{"kind":"order","ts":1784654324342,"orderId":"72644906","owner":"0x2b46C08Ca648e2334A1182D31228A79e2BEC1669","price":0.022852,"size":21874,"isBuy":true}
{"kind":"order","ts":1784654324342,"orderId":"72644907","owner":"0x2b46C08Ca648e2334A1182D31228A79e2BEC1669","price":0.022867,"size":21874,"isBuy":false}
{"kind":"order","ts":1784654324383,"orderId":"72644908","owner":"0xd0F8A6422CcdD812f29D8FB75CF5FCd41483BaDc","price":0.02284,"size":10018.4974553415,"isBuy":true}
{"kind":"order","ts":1784654324383,"orderId":"72644909","owner":"0xd0F8A6422CcdD812f29D8FB75CF5FCd41483BaDc","price":0.022836,"size":25046.2436383537,"isBuy":true}
{"kind":"order","ts":1784654324383,"orderId":"72644910","owner":"0xd0F8A6422CcdD812f29D8FB75CF5FCd41483BaDc","price":0.022821,"size":250462.4363835376,"isBuy":true}
{"kind":"order","ts":1784654324383,"orderId":"72644911","owner":"0xd0F8A6422CcdD812f29D8FB75CF5FCd41483BaDc","price":0.022741,"size":500924.8727670753,"isBuy":true}
{"kind":"order","ts":1784654324383,"orderId":"72644912","owner":"0xd0F8A6422CcdD812f29D8FB75CF5FCd41483BaDc","price":0.022876,"size":10018.4974553415,"isBuy":false}
{"kind":"order","ts":1784654324383,"orderId":"72644913","owner":"0xd0F8A6422CcdD812f29D8FB75CF5FCd41483BaDc","price":0.022886,"size":25046.2436383537,"isBuy":false}
{"kind":"order","ts":1784654324397,"orderId":"72644914","owner":"0xd0F8A6422CcdD812f29D8FB75CF5FCd41483BaDc","price":0.022919,"size":250462.4363835376,"isBuy":false}
{"kind":"order","ts":1784654324397,"orderId":"72644915","owner":"0xd0F8A6422CcdD812f29D8FB75CF5FCd41483BaDc","price":0.023102,"size":500924.8727670753,"isBuy":false}
{"kind":"order","ts":1784654324397,"orderId":"72644916","owner":"0x2b46C08Ca648e2334A1182D31228A79e2BEC1669","price":0.022866,"size":25707.3048252329,"isBuy":true}
{"kind":"order","ts":1784654324418,"orderId":"72644917","owner":"0x2b46C08Ca648e2334A1182D31228A79e2BEC1669","price":0.022868,"size":43734,"isBuy":false}
{"kind":"order","ts":1784654324420,"orderId":"72644918","owner":"0x2b46C08Ca648e2334A1182D31228A79e2BEC1669","price":0.02286,"size":21867,"isBuy":true}
{"kind":"order","ts":1784654324420,"orderId":"72644919","owner":"0x2b46C08Ca648e2334A1182D31228A79e2BEC1669","price":0.022874,"size":21867,"isBuy":false}
{"kind":"order","ts":1784654324434,"orderId":"72644920","owner":"0x8Cf67893C236963233023B56AC56A185B042866F","price":0.022871,"size":21883,"isBuy":false}
{"kind":"trade","ts":1784654324434,"orderId":"72644896","isBuy":true,"price":0.022859,"updatedSize":0,"filledSize":18026.6951747671,"taker":"0x2b46C08Ca648e2334A1182D31228A79e2BEC1669","maker":"0x8Cf67893C236963233023B56AC56A185B042866F"}
{"kind":"trade","ts":1784654324702,"orderId":"72644918","isBuy":false,"price":0.02286,"updatedSize":46.821744046,"filledSize":21820.178255954,"taker":"0x553037Bac82741e7CA05AfB48e8538996fD70ECa","maker":"0x2b46C08Ca648e2334A1182D31228A79e2BEC1669"}
{"kind":"order","ts":1784654325103,"orderId":"72644921","owner":"0xd0F8A6422CcdD812f29D8FB75CF5FCd41483BaDc","price":0.022846,"size":10018.4974553415,"isBuy":true}
{"kind":"order","ts":1784654325103,"orderId":"72644922","owner":"0xd0F8A6422CcdD812f29D8FB75CF5FCd41483BaDc","price":0.022841,"size":25046.2436383537,"isBuy":true}
{"kind":"order","ts":1784654325104,"orderId":"72644923","owner":"0xd0F8A6422CcdD812f29D8FB75CF5FCd41483BaDc","price":0.022827,"size":250462.4363835376,"isBuy":true}
{"kind":"order","ts":1784654325104,"orderId":"72644924","owner":"0xd0F8A6422CcdD812f29D8FB75CF5FCd41483BaDc","price":0.022746,"size":500924.8727670753,"isBuy":true}
{"kind":"order","ts":1784654325123,"orderId":"72644925","owner":"0xd0F8A6422CcdD812f29D8FB75CF5FCd41483BaDc","price":0.022876,"size":10018.4974553415,"isBuy":false}
{"kind":"order","ts":1784654325123,"orderId":"72644926","owner":"0xd0F8A6422CcdD812f29D8FB75CF5FCd41483BaDc","price":0.022886,"size":25046.2436383537,"isBuy":false}
{"kind":"order","ts":1784654325123,"orderId":"72644927","owner":"0xd0F8A6422CcdD812f29D8FB75CF5FCd41483BaDc","price":0.022919,"size":250462.4363835376,"isBuy":false}
{"kind":"order","ts":1784654325140,"orderId":"72644928","owner":"0xd0F8A6422CcdD812f29D8FB75CF5FCd41483BaDc","price":0.023102,"size":500924.8727670753,"isBuy":false}
{"kind":"order","ts":1784654325635,"orderId":"72644929","owner":"0x8Cf67893C236963233023B56AC56A185B042866F","price":0.022868,"size":21873,"isBuy":false}
{"kind":"order","ts":1784654325635,"orderId":"72644930","owner":"0x8Cf67893C236963233023B56AC56A185B042866F","price":0.02286,"size":21873,"isBuy":true}
{"kind":"order","ts":1784654326316,"orderId":"72644931","owner":"0x2b46C08Ca648e2334A1182D31228A79e2BEC1669","price":0.022865,"size":43733,"isBuy":true}
{"kind":"order","ts":1784654326327,"orderId":"72644932","owner":"0x2b46C08Ca648e2334A1182D31228A79e2BEC1669","price":0.022868,"size":43733,"isBuy":false}
{"kind":"order","ts":1784654326327,"orderId":"72644933","owner":"0x2b46C08Ca648e2334A1182D31228A79e2BEC1669","price":0.022859,"size":21866,"isBuy":true}
{"kind":"order","ts":1784654326328,"orderId":"72644934","owner":"0x2b46C08Ca648e2334A1182D31228A79e2BEC1669","price":0.022873,"size":21866,"isBuy":false}
{"kind":"order","ts":1784654328975,"orderId":"72644935","owner":"0x2b46C08Ca648e2334A1182D31228A79e2BEC1669","price":0.022865,"size":43733,"isBuy":true}
{"kind":"order","ts":1784654328976,"orderId":"72644936","owner":"0x2b46C08Ca648e2334A1182D31228A79e2BEC1669","price":0.022868,"size":43733,"isBuy":false}
{"kind":"order","ts":1784654330014,"orderId":"72644937","owner":"0x8Cf67893C236963233023B56AC56A185B042866F","price":0.022863,"size":21873,"isBuy":true}
{"kind":"order","ts":1784654330014,"orderId":"72644938","owner":"0x8Cf67893C236963233023B56AC56A185B042866F","price":0.022871,"size":21873,"isBuy":false}
{"kind":"order","ts":1784654330728,"orderId":"72644939","owner":"0x2b46C08Ca648e2334A1182D31228A79e2BEC1669","price":0.022864,"size":43734,"isBuy":true}
{"kind":"order","ts":1784654330732,"orderId":"72644940","owner":"0x2b46C08Ca648e2334A1182D31228A79e2BEC1669","price":0.022868,"size":43734,"isBuy":false}
{"kind":"order","ts":1784654330732,"orderId":"72644941","owner":"0x2b46C08Ca648e2334A1182D31228A79e2BEC1669","price":0.022858,"size":21867,"isBuy":true}
{"kind":"order","ts":1784654331535,"orderId":"72644942","owner":"0x2b46C08Ca648e2334A1182D31228A79e2BEC1669","price":0.022867,"size":43730,"isBuy":true}
{"kind":"order","ts":1784654331537,"orderId":"72644943","owner":"0x2b46C08Ca648e2334A1182D31228A79e2BEC1669","price":0.02287,"size":43730,"isBuy":false}
{"kind":"order","ts":1784654331537,"orderId":"72644944","owner":"0x2b46C08Ca648e2334A1182D31228A79e2BEC1669","price":0.022861,"size":21865,"isBuy":true}
{"kind":"order","ts":1784654331537,"orderId":"72644945","owner":"0x2b46C08Ca648e2334A1182D31228A79e2BEC1669","price":0.022875,"size":21865,"isBuy":false}
{"kind":"order","ts":1784654331562,"orderId":"72644946","owner":"0xd0F8A6422CcdD812f29D8FB75CF5FCd41483BaDc","price":0.022854,"size":10014.9118792386,"isBuy":true}
{"kind":"order","ts":1784654331562,"orderId":"72644947","owner":"0xd0F8A6422CcdD812f29D8FB75CF5FCd41483BaDc","price":0.022849,"size":25037.2796980966,"isBuy":true}
{"kind":"order","ts":1784654331562,"orderId":"72644948","owner":"0xd0F8A6422CcdD812f29D8FB75CF5FCd41483BaDc","price":0.022835,"size":250372.7969809669,"isBuy":true}
{"kind":"order","ts":1784654331576,"orderId":"72644949","owner":"0xd0F8A6422CcdD812f29D8FB75CF5FCd41483BaDc","price":0.022754,"size":500745.5939619339,"isBuy":true}
{"kind":"order","ts":1784654331576,"orderId":"72644950","owner":"0xd0F8A6422CcdD812f29D8FB75CF5FCd41483BaDc","price":0.022892,"size":10014.9118792386,"isBuy":false}
{"kind":"order","ts":1784654331576,"orderId":"72644951","owner":"0xd0F8A6422CcdD812f29D8FB75CF5FCd41483BaDc","price":0.022901,"size":25037.2796980966,"isBuy":false}
{"kind":"order","ts":1784654331584,"orderId":"72644952","owner":"0xd0F8A6422CcdD812f29D8FB75CF5FCd41483BaDc","price":0.022935,"size":250372.7969809669,"isBuy":false}
{"kind":"order","ts":1784654331584,"orderId":"72644953","owner":"0xd0F8A6422CcdD812f29D8FB75CF5FCd41483BaDc","price":0.023117,"size":500745.5939619339,"isBuy":false}
{"kind":"order","ts":1784654331584,"orderId":"72644954","owner":"0x8Cf67893C236963233023B56AC56A185B042866F","price":0.022869,"size":21873,"isBuy":true}
{"kind":"order","ts":1784654331601,"orderId":"72644955","owner":"0x8Cf67893C236963233023B56AC56A185B042866F","price":0.022877,"size":21873,"isBuy":false}
{"kind":"order","ts":1784654332340,"orderId":"72644956","owner":"0x8Cf67893C236963233023B56AC56A185B042866F","price":0.022881,"size":21873,"isBuy":false}
{"kind":"order","ts":1784654332781,"orderId":"72644957","owner":"0x8Cf67893C236963233023B56AC56A185B042866F","price":0.022868,"size":21873,"isBuy":true}
{"kind":"order","ts":1784654332782,"orderId":"72644958","owner":"0x8Cf67893C236963233023B56AC56A185B042866F","price":0.022876,"size":21873,"isBuy":false}
{"kind":"order","ts":1784654333525,"orderId":"72644959","owner":"0x2b46C08Ca648e2334A1182D31228A79e2BEC1669","price":0.022867,"size":43729,"isBuy":true}
{"kind":"order","ts":1784654333540,"orderId":"72644960","owner":"0x2b46C08Ca648e2334A1182D31228A79e2BEC1669","price":0.02287,"size":43729,"isBuy":false}
{"kind":"order","ts":1784654333540,"orderId":"72644961","owner":"0x2b46C08Ca648e2334A1182D31228A79e2BEC1669","price":0.022876,"size":21864,"isBuy":false}
{"kind":"order","ts":1784654334836,"orderId":"72644962","owner":"0x8Cf67893C236963233023B56AC56A185B042866F","price":0.022866,"size":21873,"isBuy":true}
{"kind":"order","ts":1784654334841,"orderId":"72644963","owner":"0x8Cf67893C236963233023B56AC56A185B042866F","price":0.022874,"size":21873,"isBuy":false}
{"kind":"order","ts":1784654335614,"orderId":"72644964","owner":"0x2b46C08Ca648e2334A1182D31228A79e2BEC1669","price":0.022866,"size":43730,"isBuy":true}
{"kind":"order","ts":1784654335619,"orderId":"72644965","owner":"0x2b46C08Ca648e2334A1182D31228A79e2BEC1669","price":0.02287,"size":43730,"isBuy":false}
{"kind":"order","ts":1784654335619,"orderId":"72644966","owner":"0x2b46C08Ca648e2334A1182D31228A79e2BEC1669","price":0.02286,"size":21865,"isBuy":true}
{"kind":"order","ts":1784654335620,"orderId":"72644967","owner":"0x2b46C08Ca648e2334A1182D31228A79e2BEC1669","price":0.022875,"size":21865,"isBuy":false}
{"kind":"order","ts":1784654335626,"orderId":"72644968","owner":"0x8Cf67893C236963233023B56AC56A185B042866F","price":0.022868,"size":21873,"isBuy":true}
{"kind":"order","ts":1784654335626,"orderId":"72644969","owner":"0x8Cf67893C236963233023B56AC56A185B042866F","price":0.022876,"size":21873,"isBuy":false}
{"kind":"order","ts":1784654337634,"orderId":"72644970","owner":"0x2b46C08Ca648e2334A1182D31228A79e2BEC1669","price":0.022859,"size":43745,"isBuy":true}
{"kind":"order","ts":1784654337634,"orderId":"72644971","owner":"0x2b46C08Ca648e2334A1182D31228A79e2BEC1669","price":0.022861,"size":21872,"isBuy":false}
{"kind":"order","ts":1784654337634,"orderId":"72644972","owner":"0x2b46C08Ca648e2334A1182D31228A79e2BEC1669","price":0.022853,"size":21872,"isBuy":true}
{"kind":"order","ts":1784654337634,"orderId":"72644973","owner":"0x2b46C08Ca648e2334A1182D31228A79e2BEC1669","price":0.022867,"size":21872,"isBuy":false}
{"kind":"order","ts":1784654337658,"orderId":"72644974","owner":"0xd0F8A6422CcdD812f29D8FB75CF5FCd41483BaDc","price":0.022836,"size":10014.9118792386,"isBuy":true}
{"kind":"order","ts":1784654337658,"orderId":"72644975","owner":"0xd0F8A6422CcdD812f29D8FB75CF5FCd41483BaDc","price":0.022831,"size":25037.2796980966,"isBuy":true}
{"kind":"order","ts":1784654337658,"orderId":"72644976","owner":"0xd0F8A6422CcdD812f29D8FB75CF5FCd41483BaDc","price":0.022817,"size":250372.7969809669,"isBuy":true}
{"kind":"order","ts":1784654337671,"orderId":"72644977","owner":"0xd0F8A6422CcdD812f29D8FB75CF5FCd41483BaDc","price":0.022736,"size":500745.5939619339,"isBuy":true}
{"kind":"order","ts":1784654337672,"orderId":"72644978","owner":"0xd0F8A6422CcdD812f29D8FB75CF5FCd41483BaDc","price":0.02288,"size":10014.9118792386,"isBuy":false}
{"kind":"order","ts":1784654337672,"orderId":"72644979","owner":"0xd0F8A6422CcdD812f29D8FB75CF5FCd41483BaDc","price":0.02289,"size":25037.2796980966,"isBuy":false}
{"kind":"order","ts":1784654337684,"orderId":"72644980","owner":"0xd0F8A6422CcdD812f29D8FB75CF5FCd41483BaDc","price":0.022923,"size":250372.7969809669,"isBuy":false}
{"kind":"order","ts":1784654337684,"orderId":"72644981","owner":"0xd0F8A6422CcdD812f29D8FB75CF5FCd41483BaDc","price":0.023106,"size":500745.5939619339,"isBuy":false}
{"kind":"order","ts":1784654337684,"orderId":"72644982","owner":"0x8Cf67893C236963233023B56AC56A185B042866F","price":0.022859,"size":21873,"isBuy":true}
{"kind":"trade","ts":1784654337698,"orderId":"72644968","isBuy":false,"price":0.022868,"updatedSize":0,"filledSize":21873,"taker":"0x2b46C08Ca648e2334A1182D31228A79e2BEC1669","maker":"0x8Cf67893C236963233023B56AC56A185B042866F"}
{"kind":"order","ts":1784654337964,"orderId":"72644983","owner":"0x2b46C08Ca648e2334A1182D31228A79e2BEC1669","price":0.022864,"size":43735,"isBuy":true}
{"kind":"order","ts":1784654337969,"orderId":"72644984","owner":"0x2b46C08Ca648e2334A1182D31228A79e2BEC1669","price":0.022866,"size":43735,"isBuy":false}
{"kind":"order","ts":1784654337971,"orderId":"72644985","owner":"0x2b46C08Ca648e2334A1182D31228A79e2BEC1669","price":0.022858,"size":21867,"isBuy":true}
{"kind":"order","ts":1784654337972,"orderId":"72644986","owner":"0x2b46C08Ca648e2334A1182D31228A79e2BEC1669","price":0.022872,"size":21867,"isBuy":false}
{"kind":"order","ts":1784654337982,"orderId":"72644987","owner":"0xd0F8A6422CcdD812f29D8FB75CF5FCd41483BaDc","price":0.022841,"size":10012.5241093374,"isBuy":true}
{"kind":"order","ts":1784654337983,"orderId":"72644988","owner":"0xd0F8A6422CcdD812f29D8FB75CF5FCd41483BaDc","price":0.022837,"size":25031.3102733435,"isBuy":true}
{"kind":"order","ts":1784654337983,"orderId":"72644989","owner":"0xd0F8A6422CcdD812f29D8FB75CF5FCd41483BaDc","price":0.022822,"size":250313.1027334354,"isBuy":true}
{"kind":"order","ts":1784654337998,"orderId":"72644990","owner":"0xd0F8A6422CcdD812f29D8FB75CF5FCd41483BaDc","price":0.022742,"size":500626.2054668708,"isBuy":true}
{"kind":"order","ts":1784654337998,"orderId":"72644991","owner":"0xd0F8A6422CcdD812f29D8FB75CF5FCd41483BaDc","price":0.022879,"size":10012.5241093374,"isBuy":false}
{"kind":"order","ts":1784654337998,"orderId":"72644992","owner":"0xd0F8A6422CcdD812f29D8FB75CF5FCd41483BaDc","price":0.022889,"size":25031.3102733435,"isBuy":false}
{"kind":"order","ts":1784654338018,"orderId":"72644993","owner":"0xd0F8A6422CcdD812f29D8FB75CF5FCd41483BaDc","price":0.022922,"size":250313.1027334354,"isBuy":false}
{"kind":"order","ts":1784654338018,"orderId":"72644994","owner":"0xd0F8A6422CcdD812f29D8FB75CF5FCd41483BaDc","price":0.023104,"size":500626.2054668708,"isBuy":false}
{"kind":"order","ts":1784654338408,"orderId":"72644995","owner":"0xd0F8A6422CcdD812f29D8FB75CF5FCd41483BaDc","price":0.022846,"size":10014.9118792386,"isBuy":true}
{"kind":"order","ts":1784654338408,"orderId":"72644996","owner":"0xd0F8A6422CcdD812f29D8FB75CF5FCd41483BaDc","price":0.022841,"size":25037.2796980966,"isBuy":true}
{"kind":"order","ts":1784654338409,"orderId":"72644997","owner":"0xd0F8A6422CcdD812f29D8FB75CF5FCd41483BaDc","price":0.022827,"size":250372.7969809669,"isBuy":true}
{"kind":"order","ts":1784654338409,"orderId":"72644998","owner":"0xd0F8A6422CcdD812f29D8FB75CF5FCd41483BaDc","price":0.022746,"size":500745.5939619339,"isBuy":true}
{"kind":"order","ts":1784654338432,"orderId":"72644999","owner":"0xd0F8A6422CcdD812f29D8FB75CF5FCd41483BaDc","price":0.022876,"size":10014.9118792386,"isBuy":false}
{"kind":"order","ts":1784654338432,"orderId":"72645000","owner":"0xd0F8A6422CcdD812f29D8FB75CF5FCd41483BaDc","price":0.022886,"size":25037.2796980966,"isBuy":false}
{"kind":"order","ts":1784654338432,"orderId":"72645001","owner":"0xd0F8A6422CcdD812f29D8FB75CF5FCd41483BaDc","price":0.022919,"size":250372.7969809669,"isBuy":false}
{"kind":"order","ts":1784654338443,"orderId":"72645002","owner":"0xd0F8A6422CcdD812f29D8FB75CF5FCd41483BaDc","price":0.023101,"size":500745.5939619339,"isBuy":false}
{"kind":"order","ts":1784654338443,"orderId":"72645003","owner":"0x8Cf67893C236963233023B56AC56A185B042866F","price":0.022864,"size":21873,"isBuy":true}
{"kind":"order","ts":1784654338443,"orderId":"72645004","owner":"0x8Cf67893C236963233023B56AC56A185B042866F","price":0.022872,"size":21873,"isBuy":false}
{"kind":"order","ts":1784654339165,"orderId":"72645005","owner":"0x8Cf67893C236963233023B56AC56A185B042866F","price":0.022862,"size":21873,"isBuy":true}
{"kind":"order","ts":1784654339165,"orderId":"72645006","owner":"0x8Cf67893C236963233023B56AC56A185B042866F","price":0.02287,"size":21873,"isBuy":false}
{"kind":"order","ts":1784654339973,"orderId":"72645007","owner":"0x2b46C08Ca648e2334A1182D31228A79e2BEC1669","price":0.022863,"size":43738,"isBuy":true}
{"kind":"order","ts":1784654339975,"orderId":"72645008","owner":"0x2b46C08Ca648e2334A1182D31228A79e2BEC1669","price":0.022865,"size":43738,"isBuy":false}
{"kind":"order","ts":1784654339975,"orderId":"72645009","owner":"0x2b46C08Ca648e2334A1182D31228A79e2BEC1669","price":0.022857,"size":21869,"isBuy":true}
{"kind":"order","ts":1784654339975,"orderId":"72645010","owner":"0x2b46C08Ca648e2334A1182D31228A79e2BEC1669","price":0.022871,"size":21869,"isBuy":false}
{"kind":"order","ts":1784654339988,"orderId":"72645011","owner":"0x8Cf67893C236963233023B56AC56A185B042866F","price":0.022873,"size":21873,"isBuy":false}
{"kind":"order","ts":1784654340397,"orderId":"72645012","owner":"0x8Cf67893C236963233023B56AC56A185B042866F","price":0.022871,"size":21873,"isBuy":false}
{"kind":"order","ts":1784654341979,"orderId":"72645013","owner":"0x2b46C08Ca648e2334A1182D31228A79e2BEC1669","price":0.022862,"size":43740,"isBuy":true}
{"kind":"order","ts":1784654341979,"orderId":"72645014","owner":"0x2b46C08Ca648e2334A1182D31228A79e2BEC1669","price":0.022864,"size":43740,"isBuy":false}
{"kind":"order","ts":1784654341979,"orderId":"72645015","owner":"0x2b46C08Ca648e2334A1182D31228A79e2BEC1669","price":0.022856,"size":21870,"isBuy":true}
{"kind":"order","ts":1784654341979,"orderId":"72645016","owner":"0x2b46C08Ca648e2334A1182D31228A79e2BEC1669","price":0.02287,"size":21870,"isBuy":false}
{"kind":"order","ts":1784654343982,"orderId":"72645017","owner":"0x2b46C08Ca648e2334A1182D31228A79e2BEC1669","price":0.022861,"size":43741,"isBuy":true}
{"kind":"order","ts":1784654343982,"orderId":"72645018","owner":"0x2b46C08Ca648e2334A1182D31228A79e2BEC1669","price":0.022864,"size":43741,"isBuy":false}
{"kind":"order","ts":1784654343982,"orderId":"72645019","owner":"0x2b46C08Ca648e2334A1182D31228A79e2BEC1669","price":0.022855,"size":21870,"isBuy":true}
{"kind":"order","ts":1784654346063,"orderId":"72645020","owner":"0x2b46C08Ca648e2334A1182D31228A79e2BEC1669","price":0.022862,"size":43739,"isBuy":true}
{"kind":"order","ts":1784654346065,"orderId":"72645021","owner":"0x2b46C08Ca648e2334A1182D31228A79e2BEC1669","price":0.022865,"size":43739,"isBuy":false}
{"kind":"order","ts":1784654346065,"orderId":"72645022","owner":"0x2b46C08Ca648e2334A1182D31228A79e2BEC1669","price":0.022856,"size":21869,"isBuy":true}
{"kind":"order","ts":1784654346065,"orderId":"72645023","owner":"0x2b46C08Ca648e2334A1182D31228A79e2BEC1669","price":0.022871,"size":21869,"isBuy":false}
{"kind":"order","ts":1784654348556,"orderId":"72645024","owner":"0x2b46C08Ca648e2334A1182D31228A79e2BEC1669","price":0.022862,"size":43739,"isBuy":true}
{"kind":"order","ts":1784654348556,"orderId":"72645025","owner":"0x2b46C08Ca648e2334A1182D31228A79e2BEC1669","price":0.022865,"size":43739,"isBuy":false}
{"kind":"trade","ts":1784654348556,"orderId":"72645005","isBuy":false,"price":0.022862,"updatedSize":21784.5673194017,"filledSize":88.4326805983,"taker":"0x2f84FB8982073f39Ba47c7fcC29119aF074AbbcB","maker":"0x8Cf67893C236963233023B56AC56A185B042866F"}
{"kind":"order","ts":1784654350403,"orderId":"72645026","owner":"0x2b46C08Ca648e2334A1182D31228A79e2BEC1669","price":0.022862,"size":43739,"isBuy":true}
{"kind":"order","ts":1784654350405,"orderId":"72645027","owner":"0x2b46C08Ca648e2334A1182D31228A79e2BEC1669","price":0.022865,"size":43739,"isBuy":false}
{"kind":"order","ts":1784654352632,"orderId":"72645028","owner":"0x2b46C08Ca648e2334A1182D31228A79e2BEC1669","price":0.022862,"size":43739,"isBuy":true}
{"kind":"order","ts":1784654352641,"orderId":"72645029","owner":"0x2b46C08Ca648e2334A1182D31228A79e2BEC1669","price":0.022865,"size":43739,"isBuy":false}
{"kind":"order","ts":1784654354423,"orderId":"72645030","owner":"0x2b46C08Ca648e2334A1182D31228A79e2BEC1669","price":0.022864,"size":43737,"isBuy":true}
{"kind":"order","ts":1784654354459,"orderId":"72645031","owner":"0x2b46C08Ca648e2334A1182D31228A79e2BEC1669","price":0.022866,"size":43737,"isBuy":false}
{"kind":"order","ts":1784654354460,"orderId":"72645032","owner":"0x2b46C08Ca648e2334A1182D31228A79e2BEC1669","price":0.022858,"size":21868,"isBuy":true}
{"kind":"order","ts":1784654354461,"orderId":"72645033","owner":"0x2b46C08Ca648e2334A1182D31228A79e2BEC1669","price":0.022872,"size":21868,"isBuy":false}
{"kind":"order","ts":1784654354461,"orderId":"72645034","owner":"0x8Cf67893C236963233023B56AC56A185B042866F","price":0.022864,"size":21873,"isBuy":true}
{"kind":"order","ts":1784654356591,"orderId":"72645035","owner":"0x2b46C08Ca648e2334A1182D31228A79e2BEC1669","price":0.022864,"size":43736,"isBuy":true}
{"kind":"order","ts":1784654356595,"orderId":"72645036","owner":"0x2b46C08Ca648e2334A1182D31228A79e2BEC1669","price":0.022867,"size":43736,"isBuy":false}
{"kind":"order","ts":1784654356596,"orderId":"72645037","owner":"0x2b46C08Ca648e2334A1182D31228A79e2BEC1669","price":0.022858,"size":21868,"isBuy":true}
{"kind":"order","ts":1784654356596,"orderId":"72645038","owner":"0x2b46C08Ca648e2334A1182D31228A79e2BEC1669","price":0.022873,"size":21868,"isBuy":false}
{"kind":"trade","ts":1784654356827,"orderId":"72645034","isBuy":false,"price":0.022864,"updatedSize":20086.1078651375,"filledSize":1786.8921348625,"taker":"0xd651346d7c789536ebf06dc72aE3C8502cd695CC","maker":"0x8Cf67893C236963233023B56AC56A185B042866F"}
{"kind":"order","ts":1784654358435,"orderId":"72645039","owner":"0x2b46C08Ca648e2334A1182D31228A79e2BEC1669","price":0.022864,"size":43736,"isBuy":true}
{"kind":"order","ts":1784654358436,"orderId":"72645040","owner":"0x2b46C08Ca648e2334A1182D31228A79e2BEC1669","price":0.022867,"size":43736,"isBuy":false}
{"kind":"order","ts":1784654360444,"orderId":"72645041","owner":"0x2b46C08Ca648e2334A1182D31228A79e2BEC1669","price":0.022864,"size":43736,"isBuy":true}
{"kind":"order","ts":1784654360444,"orderId":"72645042","owner":"0x2b46C08Ca648e2334A1182D31228A79e2BEC1669","price":0.022867,"size":43736,"isBuy":false}
{"kind":"order","ts":1784654362865,"orderId":"72645043","owner":"0x2b46C08Ca648e2334A1182D31228A79e2BEC1669","price":0.022864,"size":43736,"isBuy":true}
{"kind":"order","ts":1784654362869,"orderId":"72645044","owner":"0x2b46C08Ca648e2334A1182D31228A79e2BEC1669","price":0.022867,"size":43736,"isBuy":false}
{"kind":"order","ts":1784654363680,"orderId":"72645045","owner":"0xd0F8A6422CcdD812f29D8FB75CF5FCd41483BaDc","price":0.022852,"size":10014.9118792386,"isBuy":true}
{"kind":"order","ts":1784654363680,"orderId":"72645046","owner":"0xd0F8A6422CcdD812f29D8FB75CF5FCd41483BaDc","price":0.022848,"size":25037.2796980966,"isBuy":true}
{"kind":"order","ts":1784654363680,"orderId":"72645047","owner":"0xd0F8A6422CcdD812f29D8FB75CF5FCd41483BaDc","price":0.022833,"size":250372.7969809669,"isBuy":true}
{"kind":"order","ts":1784654363681,"orderId":"72645048","owner":"0xd0F8A6422CcdD812f29D8FB75CF5FCd41483BaDc","price":0.022753,"size":500745.5939619339,"isBuy":true}
{"kind":"order","ts":1784654363714,"orderId":"72645049","owner":"0xd0F8A6422CcdD812f29D8FB75CF5FCd41483BaDc","price":0.022878,"size":10014.9118792386,"isBuy":false}
{"kind":"order","ts":1784654363714,"orderId":"72645050","owner":"0xd0F8A6422CcdD812f29D8FB75CF5FCd41483BaDc","price":0.022888,"size":25037.2796980966,"isBuy":false}
{"kind":"order","ts":1784654363714,"orderId":"72645051","owner":"0xd0F8A6422CcdD812f29D8FB75CF5FCd41483BaDc","price":0.022921,"size":250372.7969809669,"isBuy":false}
{"kind":"order","ts":1784654363728,"orderId":"72645052","owner":"0xd0F8A6422CcdD812f29D8FB75CF5FCd41483BaDc","price":0.023103,"size":500745.5939619339,"isBuy":false}
{"kind":"order","ts":1784654364062,"orderId":"72645053","owner":"0xd0F8A6422CcdD812f29D8FB75CF5FCd41483BaDc","price":0.022849,"size":10014.9118792386,"isBuy":true}
{"kind":"order","ts":1784654364064,"orderId":"72645054","owner":"0xd0F8A6422CcdD812f29D8FB75CF5FCd41483BaDc","price":0.022845,"size":25037.2796980966,"isBuy":true}
{"kind":"order","ts":1784654364064,"orderId":"72645055","owner":"0xd0F8A6422CcdD812f29D8FB75CF5FCd41483BaDc","price":0.02283,"size":250372.7969809669,"isBuy":true}
{"kind":"order","ts":1784654364064,"orderId":"72645056","owner":"0xd0F8A6422CcdD812f29D8FB75CF5FCd41483BaDc","price":0.02275,"size":500745.5939619339,"isBuy":true}
{"kind":"order","ts":1784654364074,"orderId":"72645057","owner":"0xd0F8A6422CcdD812f29D8FB75CF5FCd41483BaDc","price":0.022876,"size":10014.9118792386,"isBuy":false}
{"kind":"order","ts":1784654364075,"orderId":"72645058","owner":"0xd0F8A6422CcdD812f29D8FB75CF5FCd41483BaDc","price":0.022886,"size":25037.2796980966,"isBuy":false}
{"kind":"order","ts":1784654364075,"orderId":"72645059","owner":"0xd0F8A6422CcdD812f29D8FB75CF5FCd41483BaDc","price":0.022919,"size":250372.7969809669,"isBuy":false}
{"kind":"order","ts":1784654364104,"orderId":"72645060","owner":"0xd0F8A6422CcdD812f29D8FB75CF5FCd41483BaDc","price":0.023101,"size":500745.5939619339,"isBuy":false}
{"kind":"order","ts":1784654364923,"orderId":"72645061","owner":"0x2b46C08Ca648e2334A1182D31228A79e2BEC1669","price":0.022864,"size":43736,"isBuy":true}
{"kind":"order","ts":1784654364924,"orderId":"72645062","owner":"0x2b46C08Ca648e2334A1182D31228A79e2BEC1669","price":0.022867,"size":43736,"isBuy":false}
{"kind":"order","ts":1784654365690,"orderId":"72645063","owner":"0xd0F8A6422CcdD812f29D8FB75CF5FCd41483BaDc","price":0.02285,"size":10013.7177340332,"isBuy":true}
{"kind":"order","ts":1784654365690,"orderId":"72645064","owner":"0xd0F8A6422CcdD812f29D8FB75CF5FCd41483BaDc","price":0.022846,"size":25034.2943350831,"isBuy":true}
{"kind":"order","ts":1784654365690,"orderId":"72645065","owner":"0xd0F8A6422CcdD812f29D8FB75CF5FCd41483BaDc","price":0.022831,"size":250342.9433508311,"isBuy":true}
{"kind":"order","ts":1784654365690,"orderId":"72645066","owner":"0xd0F8A6422CcdD812f29D8FB75CF5FCd41483BaDc","price":0.022751,"size":500685.8867016623,"isBuy":true}
{"kind":"order","ts":1784654365703,"orderId":"72645067","owner":"0xd0F8A6422CcdD812f29D8FB75CF5FCd41483BaDc","price":0.022891,"size":10013.7177340332,"isBuy":false}
{"kind":"order","ts":1784654365703,"orderId":"72645068","owner":"0xd0F8A6422CcdD812f29D8FB75CF5FCd41483BaDc","price":0.022901,"size":25034.2943350831,"isBuy":false}
{"kind":"order","ts":1784654365703,"orderId":"72645069","owner":"0xd0F8A6422CcdD812f29D8FB75CF5FCd41483BaDc","price":0.022934,"size":250342.9433508311,"isBuy":false}
{"kind":"order","ts":1784654365714,"orderId":"72645070","owner":"0xd0F8A6422CcdD812f29D8FB75CF5FCd41483BaDc","price":0.023117,"size":500685.8867016623,"isBuy":false}
{"kind":"order","ts":1784654366050,"orderId":"72645071","owner":"0xd0F8A6422CcdD812f29D8FB75CF5FCd41483BaDc","price":0.022849,"size":10013.7177340332,"isBuy":true}
{"kind":"order","ts":1784654366063,"orderId":"72645072","owner":"0xd0F8A6422CcdD812f29D8FB75CF5FCd41483BaDc","price":0.022845,"size":25034.2943350831,"isBuy":true}
{"kind":"order","ts":1784654366063,"orderId":"72645073","owner":"0xd0F8A6422CcdD812f29D8FB75CF5FCd41483BaDc","price":0.02283,"size":250342.9433508311,"isBuy":true}
{"kind":"order","ts":1784654366063,"orderId":"72645074","owner":"0xd0F8A6422CcdD812f29D8FB75CF5FCd41483BaDc","price":0.02275,"size":500685.8867016623,"isBuy":true}
{"kind":"order","ts":1784654366069,"orderId":"72645075","owner":"0xd0F8A6422CcdD812f29D8FB75CF5FCd41483BaDc","price":0.022886,"size":10013.7177340332,"isBuy":false}
{"kind":"order","ts":1784654366069,"orderId":"72645076","owner":"0xd0F8A6422CcdD812f29D8FB75CF5FCd41483BaDc","price":0.022896,"size":25034.2943350831,"isBuy":false}
{"kind":"order","ts":1784654366069,"orderId":"72645077","owner":"0xd0F8A6422CcdD812f29D8FB75CF5FCd41483BaDc","price":0.022929,"size":250342.9433508311,"isBuy":false}
{"kind":"order","ts":1784654366085,"orderId":"72645078","owner":"0xd0F8A6422CcdD812f29D8FB75CF5FCd41483BaDc","price":0.023111,"size":500685.8867016623,"isBuy":false}
{"kind":"order","ts":1784654366478,"orderId":"72645079","owner":"0xd0F8A6422CcdD812f29D8FB75CF5FCd41483BaDc","price":0.022849,"size":10013.7177340332,"isBuy":true}
{"kind":"order","ts":1784654366479,"orderId":"72645080","owner":"0xd0F8A6422CcdD812f29D8FB75CF5FCd41483BaDc","price":0.022845,"size":25034.2943350831,"isBuy":true}
{"kind":"order","ts":1784654366479,"orderId":"72645081","owner":"0xd0F8A6422CcdD812f29D8FB75CF5FCd41483BaDc","price":0.02283,"size":250342.9433508311,"isBuy":true}
{"kind":"order","ts":1784654366479,"orderId":"72645082","owner":"0xd0F8A6422CcdD812f29D8FB75CF5FCd41483BaDc","price":0.02275,"size":500685.8867016623,"isBuy":true}
{"kind":"order","ts":1784654366495,"orderId":"72645083","owner":"0xd0F8A6422CcdD812f29D8FB75CF5FCd41483BaDc","price":0.022886,"size":10013.7177340332,"isBuy":false}
{"kind":"order","ts":1784654366495,"orderId":"72645084","owner":"0xd0F8A6422CcdD812f29D8FB75CF5FCd41483BaDc","price":0.022896,"size":25034.2943350831,"isBuy":false}
{"kind":"order","ts":1784654366496,"orderId":"72645085","owner":"0xd0F8A6422CcdD812f29D8FB75CF5FCd41483BaDc","price":0.022929,"size":250342.9433508311,"isBuy":false}
{"kind":"order","ts":1784654366509,"orderId":"72645086","owner":"0xd0F8A6422CcdD812f29D8FB75CF5FCd41483BaDc","price":0.023111,"size":500685.8867016623,"isBuy":false}
{"kind":"order","ts":1784654367020,"orderId":"72645087","owner":"0x2b46C08Ca648e2334A1182D31228A79e2BEC1669","price":0.022862,"size":43739,"isBuy":true}
{"kind":"order","ts":1784654367023,"orderId":"72645088","owner":"0x2b46C08Ca648e2334A1182D31228A79e2BEC1669","price":0.022865,"size":43739,"isBuy":false}
{"kind":"order","ts":1784654367023,"orderId":"72645089","owner":"0x2b46C08Ca648e2334A1182D31228A79e2BEC1669","price":0.022856,"size":21869,"isBuy":true}
{"kind":"order","ts":1784654367025,"orderId":"72645090","owner":"0x2b46C08Ca648e2334A1182D31228A79e2BEC1669","price":0.022871,"size":21869,"isBuy":false}
{"kind":"order","ts":1784654367047,"orderId":"72645091","owner":"0xd0F8A6422CcdD812f29D8FB75CF5FCd41483BaDc","price":0.022855,"size":10013.7177340332,"isBuy":true}
{"kind":"order","ts":1784654367047,"orderId":"72645092","owner":"0xd0F8A6422CcdD812f29D8FB75CF5FCd41483BaDc","price":0.022851,"size":25034.2943350831,"isBuy":true}
{"kind":"order","ts":1784654367047,"orderId":"72645093","owner":"0xd0F8A6422CcdD812f29D8FB75CF5FCd41483BaDc","price":0.022836,"size":250342.9433508311,"isBuy":true}
{"kind":"order","ts":1784654367083,"orderId":"72645094","owner":"0xd0F8A6422CcdD812f29D8FB75CF5FCd41483BaDc","price":0.022756,"size":500685.8867016623,"isBuy":true}
{"kind":"order","ts":1784654367083,"orderId":"72645095","owner":"0xd0F8A6422CcdD812f29D8FB75CF5FCd41483BaDc","price":0.022883,"size":10013.7177340332,"isBuy":false}
{"kind":"order","ts":1784654367083,"orderId":"72645096","owner":"0xd0F8A6422CcdD812f29D8FB75CF5FCd41483BaDc","price":0.022893,"size":25034.2943350831,"isBuy":false}
{"kind":"order","ts":1784654367107,"orderId":"72645097","owner":"0xd0F8A6422CcdD812f29D8FB75CF5FCd41483BaDc","price":0.022926,"size":250342.9433508311,"isBuy":false}
{"kind":"order","ts":1784654367108,"orderId":"72645098","owner":"0xd0F8A6422CcdD812f29D8FB75CF5FCd41483BaDc","price":0.023109,"size":500685.8867016623,"isBuy":false}
{"kind":"order","ts":1784654367271,"orderId":"72645099","owner":"0x2b46C08Ca648e2334A1182D31228A79e2BEC1669","price":0.022865,"size":43735,"isBuy":true}
{"kind":"order","ts":1784654367282,"orderId":"72645100","owner":"0x2b46C08Ca648e2334A1182D31228A79e2BEC1669","price":0.022867,"size":43735,"isBuy":false}
{"kind":"order","ts":1784654367282,"orderId":"72645101","owner":"0x2b46C08Ca648e2334A1182D31228A79e2BEC1669","price":0.022859,"size":21867,"isBuy":true}
{"kind":"order","ts":1784654367282,"orderId":"72645102","owner":"0x2b46C08Ca648e2334A1182D31228A79e2BEC1669","price":0.022873,"size":21867,"isBuy":false}
{"kind":"order","ts":1784654367698,"orderId":"72645103","owner":"0x2b46C08Ca648e2334A1182D31228A79e2BEC1669","price":0.022868,"size":43728,"isBuy":true}
{"kind":"order","ts":1784654367699,"orderId":"72645104","owner":"0x2b46C08Ca648e2334A1182D31228A79e2BEC1669","price":0.022871,"size":43728,"isBuy":false}
{"kind":"order","ts":1784654367700,"orderId":"72645105","owner":"0x2b46C08Ca648e2334A1182D31228A79e2BEC1669","price":0.022862,"size":21864,"isBuy":true}
{"kind":"order","ts":1784654367700,"orderId":"72645106","owner":"0x2b46C08Ca648e2334A1182D31228A79e2BEC1669","price":0.022877,"size":21864,"isBuy":false}
{"kind":"order","ts":1784654367706,"orderId":"72645107","owner":"0x8Cf67893C236963233023B56AC56A185B042866F","price":0.022869,"size":21873,"isBuy":true}
{"kind":"order","ts":1784654367706,"orderId":"72645108","owner":"0x8Cf67893C236963233023B56AC56A185B042866F","price":0.022877,"size":21873,"isBuy":false}
{"kind":"order","ts":1784654368877,"orderId":"72645109","owner":"0x8Cf67893C236963233023B56AC56A185B042866F","price":0.022871,"size":21863,"isBuy":true}
{"kind":"order","ts":1784654369735,"orderId":"72645110","owner":"0x2b46C08Ca648e2334A1182D31228A79e2BEC1669","price":0.022869,"size":43726,"isBuy":true}
{"kind":"order","ts":1784654369738,"orderId":"72645111","owner":"0x2b46C08Ca648e2334A1182D31228A79e2BEC1669","price":0.022872,"size":43726,"isBuy":false}
{"kind":"order","ts":1784654369740,"orderId":"72645112","owner":"0x2b46C08Ca648e2334A1182D31228A79e2BEC1669","price":0.022863,"size":21863,"isBuy":true}
{"kind":"order","ts":1784654369740,"orderId":"72645113","owner":"0x2b46C08Ca648e2334A1182D31228A79e2BEC1669","price":0.022878,"size":21863,"isBuy":false}
{"kind":"order","ts":1784654371767,"orderId":"72645114","owner":"0x2b46C08Ca648e2334A1182D31228A79e2BEC1669","price":0.022868,"size":43727,"isBuy":true}
{"kind":"order","ts":1784654371771,"orderId":"72645115","owner":"0x2b46C08Ca648e2334A1182D31228A79e2BEC1669","price":0.022871,"size":21864,"isBuy":false}
{"kind":"order","ts":1784654371771,"orderId":"72645116","owner":"0x2b46C08Ca648e2334A1182D31228A79e2BEC1669","price":0.022862,"size":21863,"isBuy":true}
{"kind":"order","ts":1784654371771,"orderId":"72645117","owner":"0x2b46C08Ca648e2334A1182D31228A79e2BEC1669","price":0.022877,"size":21863,"isBuy":false}
{"kind":"trade","ts":1784654371786,"orderId":"72645109","isBuy":false,"price":0.022871,"updatedSize":0,"filledSize":21863,"taker":"0x2b46C08Ca648e2334A1182D31228A79e2BEC1669","maker":"0x8Cf67893C236963233023B56AC56A185B042866F"}
{"kind":"order","ts":1784654372087,"orderId":"72645118","owner":"0x8Cf67893C236963233023B56AC56A185B042866F","price":0.02287,"size":21864,"isBuy":true}
{"kind":"order","ts":1784654373736,"orderId":"72645119","owner":"0x2b46C08Ca648e2334A1182D31228A79e2BEC1669","price":0.022868,"size":43730,"isBuy":true}
{"kind":"order","ts":1784654373739,"orderId":"72645120","owner":"0x2b46C08Ca648e2334A1182D31228A79e2BEC1669","price":0.022871,"size":43730,"isBuy":false}
{"kind":"order","ts":1784654375900,"orderId":"72645121","owner":"0x2b46C08Ca648e2334A1182D31228A79e2BEC1669","price":0.022868,"size":43730,"isBuy":true}
{"kind":"order","ts":1784654375904,"orderId":"72645122","owner":"0x2b46C08Ca648e2334A1182D31228A79e2BEC1669","price":0.022871,"size":43730,"isBuy":false}
{"kind":"order","ts":1784654378330,"orderId":"72645123","owner":"0x2b46C08Ca648e2334A1182D31228A79e2BEC1669","price":0.022868,"size":43730,"isBuy":true}
{"kind":"order","ts":1784654378332,"orderId":"72645124","owner":"0x2b46C08Ca648e2334A1182D31228A79e2BEC1669","price":0.022871,"size":43730,"isBuy":false}
{"kind":"order","ts":1784654380184,"orderId":"72645125","owner":"0x2b46C08Ca648e2334A1182D31228A79e2BEC1669","price":0.022868,"size":43730,"isBuy":true}
{"kind":"order","ts":1784654380184,"orderId":"72645126","owner":"0x2b46C08Ca648e2334A1182D31228A79e2BEC1669","price":0.022871,"size":43730,"isBuy":false}
{"kind":"order","ts":1784654382198,"orderId":"72645127","owner":"0x2b46C08Ca648e2334A1182D31228A79e2BEC1669","price":0.022869,"size":43728,"isBuy":true}
{"kind":"order","ts":1784654382198,"orderId":"72645128","owner":"0x2b46C08Ca648e2334A1182D31228A79e2BEC1669","price":0.022871,"size":43728,"isBuy":false}
{"kind":"order","ts":1784654382200,"orderId":"72645129","owner":"0x2b46C08Ca648e2334A1182D31228A79e2BEC1669","price":0.022863,"size":21864,"isBuy":true}
{"kind":"order","ts":1784654384149,"orderId":"72645130","owner":"0x2b46C08Ca648e2334A1182D31228A79e2BEC1669","price":0.022869,"size":43728,"isBuy":true}
{"kind":"order","ts":1784654384149,"orderId":"72645131","owner":"0x2b46C08Ca648e2334A1182D31228A79e2BEC1669","price":0.022871,"size":43728,"isBuy":false}
{"kind":"order","ts":1784654386147,"orderId":"72645132","owner":"0x2b46C08Ca648e2334A1182D31228A79e2BEC1669","price":0.022868,"size":43729,"isBuy":true}
{"kind":"order","ts":1784654386150,"orderId":"72645133","owner":"0x2b46C08Ca648e2334A1182D31228A79e2BEC1669","price":0.022871,"size":43729,"isBuy":false}
{"kind":"order","ts":1784654386150,"orderId":"72645134","owner":"0x2b46C08Ca648e2334A1182D31228A79e2BEC1669","price":0.022862,"size":21864,"isBuy":true}
{"kind":"order","ts":1784654388144,"orderId":"72645135","owner":"0x2b46C08Ca648e2334A1182D31228A79e2BEC1669","price":0.022868,"size":43729,"isBuy":true}
{"kind":"order","ts":1784654388146,"orderId":"72645136","owner":"0x2b46C08Ca648e2334A1182D31228A79e2BEC1669","price":0.022871,"size":43729,"isBuy":false}
{"kind":"order","ts":1784654390211,"orderId":"72645137","owner":"0x2b46C08Ca648e2334A1182D31228A79e2BEC1669","price":0.022868,"size":43729,"isBuy":true}
{"kind":"order","ts":1784654390213,"orderId":"72645138","owner":"0x2b46C08Ca648e2334A1182D31228A79e2BEC1669","price":0.022871,"size":43729,"isBuy":false}
{"kind":"order","ts":1784654392393,"orderId":"72645139","owner":"0x2b46C08Ca648e2334A1182D31228A79e2BEC1669","price":0.022868,"size":43730,"isBuy":true}
{"kind":"order","ts":1784654392393,"orderId":"72645140","owner":"0x2b46C08Ca648e2334A1182D31228A79e2BEC1669","price":0.022871,"size":43730,"isBuy":false}
{"kind":"order","ts":1784654394244,"orderId":"72645141","owner":"0x2b46C08Ca648e2334A1182D31228A79e2BEC1669","price":0.02287,"size":43726,"isBuy":true}
{"kind":"order","ts":1784654394244,"orderId":"72645142","owner":"0x2b46C08Ca648e2334A1182D31228A79e2BEC1669","price":0.022873,"size":43726,"isBuy":false}
{"kind":"order","ts":1784654394244,"orderId":"72645143","owner":"0x2b46C08Ca648e2334A1182D31228A79e2BEC1669","price":0.022864,"size":21863,"isBuy":true}
{"kind":"order","ts":1784654394244,"orderId":"72645144","owner":"0x2b46C08Ca648e2334A1182D31228A79e2BEC1669","price":0.022879,"size":21863,"isBuy":false}
{"kind":"order","ts":1784654394623,"orderId":"72645145","owner":"0xd0F8A6422CcdD812f29D8FB75CF5FCd41483BaDc","price":0.022859,"size":10012.5241093374,"isBuy":true}
{"kind":"order","ts":1784654394623,"orderId":"72645146","owner":"0xd0F8A6422CcdD812f29D8FB75CF5FCd41483BaDc","price":0.022855,"size":25031.3102733435,"isBuy":true}
{"kind":"order","ts":1784654394623,"orderId":"72645147","owner":"0xd0F8A6422CcdD812f29D8FB75CF5FCd41483BaDc","price":0.02284,"size":250313.1027334354,"isBuy":true}
{"kind":"order","ts":1784654394623,"orderId":"72645148","owner":"0xd0F8A6422CcdD812f29D8FB75CF5FCd41483BaDc","price":0.02276,"size":500626.2054668708,"isBuy":true}
{"kind":"order","ts":1784654394631,"orderId":"72645149","owner":"0xd0F8A6422CcdD812f29D8FB75CF5FCd41483BaDc","price":0.022893,"size":10012.5241093374,"isBuy":false}
{"kind":"order","ts":1784654394631,"orderId":"72645150","owner":"0xd0F8A6422CcdD812f29D8FB75CF5FCd41483BaDc","price":0.022903,"size":25031.3102733435,"isBuy":false}
{"kind":"order","ts":1784654394631,"orderId":"72645151","owner":"0xd0F8A6422CcdD812f29D8FB75CF5FCd41483BaDc","price":0.022936,"size":250313.1027334354,"isBuy":false}
{"kind":"order","ts":1784654394663,"orderId":"72645152","owner":"0xd0F8A6422CcdD812f29D8FB75CF5FCd41483BaDc","price":0.023118,"size":500626.2054668708,"isBuy":false}
{"kind":"order","ts":1784654395138,"orderId":"72645153","owner":"0x2b46C08Ca648e2334A1182D31228A79e2BEC1669","price":0.022875,"size":43715,"isBuy":true}
{"kind":"order","ts":1784654395138,"orderId":"72645154","owner":"0x2b46C08Ca648e2334A1182D31228A79e2BEC1669","price":0.022878,"size":43715,"isBuy":false}
{"kind":"order","ts":1784654395141,"orderId":"72645155","owner":"0x2b46C08Ca648e2334A1182D31228A79e2BEC1669","price":0.022869,"size":21857,"isBuy":true}
{"kind":"order","ts":1784654395141,"orderId":"72645156","owner":"0x2b46C08Ca648e2334A1182D31228A79e2BEC1669","price":0.022884,"size":21857,"isBuy":false}
{"kind":"order","ts":1784654396993,"orderId":"72645157","owner":"0x2b46C08Ca648e2334A1182D31228A79e2BEC1669","price":0.022877,"size":43712,"isBuy":true}
{"kind":"order","ts":1784654397053,"orderId":"72645158","owner":"0x2b46C08Ca648e2334A1182D31228A79e2BEC1669","price":0.02288,"size":43712,"isBuy":false}
{"kind":"order","ts":1784654397054,"orderId":"72645159","owner":"0x2b46C08Ca648e2334A1182D31228A79e2BEC1669","price":0.022871,"size":21856,"isBuy":true}
{"kind":"order","ts":1784654397054,"orderId":"72645160","owner":"0x2b46C08Ca648e2334A1182D31228A79e2BEC1669","price":0.022886,"size":21856,"isBuy":false}
{"kind":"order","ts":1784654398695,"orderId":"72645161","owner":"0x2b46C08Ca648e2334A1182D31228A79e2BEC1669","price":0.022881,"size":43704,"isBuy":true}
{"kind":"order","ts":1784654398700,"orderId":"72645162","owner":"0x2b46C08Ca648e2334A1182D31228A79e2BEC1669","price":0.022884,"size":43704,"isBuy":false}
{"kind":"order","ts":1784654398700,"orderId":"72645163","owner":"0x2b46C08Ca648e2334A1182D31228A79e2BEC1669","price":0.022875,"size":21852,"isBuy":true}
{"kind":"order","ts":1784654398700,"orderId":"72645164","owner":"0x2b46C08Ca648e2334A1182D31228A79e2BEC1669","price":0.02289,"size":21852,"isBuy":false}
{"kind":"order","ts":1784654399813,"orderId":"72645165","owner":"0xd0F8A6422CcdD812f29D8FB75CF5FCd41483BaDc","price":0.022859,"size":10012.5241093374,"isBuy":true}
{"kind":"order","ts":1784654399815,"orderId":"72645166","owner":"0xd0F8A6422CcdD812f29D8FB75CF5FCd41483BaDc","price":0.022855,"size":25031.3102733435,"isBuy":true}
{"kind":"order","ts":1784654399815,"orderId":"72645167","owner":"0xd0F8A6422CcdD812f29D8FB75CF5FCd41483BaDc","price":0.02284,"size":250313.1027334354,"isBuy":true}
{"kind":"order","ts":1784654399815,"orderId":"72645168","owner":"0xd0F8A6422CcdD812f29D8FB75CF5FCd41483BaDc","price":0.02276,"size":500626.2054668708,"isBuy":true}
{"kind":"order","ts":1784654399829,"orderId":"72645169","owner":"0xd0F8A6422CcdD812f29D8FB75CF5FCd41483BaDc","price":0.022894,"size":10012.5241093374,"isBuy":false}
{"kind":"order","ts":1784654399830,"orderId":"72645170","owner":"0xd0F8A6422CcdD812f29D8FB75CF5FCd41483BaDc","price":0.022904,"size":25031.3102733435,"isBuy":false}
{"kind":"order","ts":1784654399830,"orderId":"72645171","owner":"0xd0F8A6422CcdD812f29D8FB75CF5FCd41483BaDc","price":0.022937,"size":250313.1027334354,"isBuy":false}
{"kind":"order","ts":1784654399845,"orderId":"72645172","owner":"0xd0F8A6422CcdD812f29D8FB75CF5FCd41483BaDc","price":0.02312,"size":500626.2054668708,"isBuy":false}
{"kind":"trade","ts":1784654399846,"orderId":"72645163","isBuy":false,"price":0.022875,"updatedSize":20771.3145206771,"filledSize":1080.6854793229,"taker":"0x09AD820aaC5779683B481c4674208A4e1B024Afa","maker":"0x2b46C08Ca648e2334A1182D31228A79e2BEC1669"}
{"kind":"trade","ts":1784654399860,"orderId":"72645163","isBuy":false,"price":0.022875,"updatedSize":20767.8674213174,"filledSize":3.4470993597,"taker":"0x2f84FB8982073f39Ba47c7fcC29119aF074AbbcB","maker":"0x2b46C08Ca648e2334A1182D31228A79e2BEC1669"}
{"kind":"order","ts":1784654400255,"orderId":"72645173","owner":"0xd0F8A6422CcdD812f29D8FB75CF5FCd41483BaDc","price":0.022859,"size":10012.5241093374,"isBuy":true}
{"kind":"order","ts":1784654400258,"orderId":"72645174","owner":"0xd0F8A6422CcdD812f29D8FB75CF5FCd41483BaDc","price":0.022855,"size":25031.3102733435,"isBuy":true}
{"kind":"order","ts":1784654400258,"orderId":"72645175","owner":"0xd0F8A6422CcdD812f29D8FB75CF5FCd41483BaDc","price":0.02284,"size":250313.1027334354,"isBuy":true}
{"kind":"order","ts":1784654400258,"orderId":"72645176","owner":"0xd0F8A6422CcdD812f29D8FB75CF5FCd41483BaDc","price":0.02276,"size":500626.2054668708,"isBuy":true}
{"kind":"order","ts":1784654400276,"orderId":"72645177","owner":"0xd0F8A6422CcdD812f29D8FB75CF5FCd41483BaDc","price":0.022894,"size":10012.5241093374,"isBuy":false}
{"kind":"order","ts":1784654400276,"orderId":"72645178","owner":"0xd0F8A6422CcdD812f29D8FB75CF5FCd41483BaDc","price":0.022904,"size":25031.3102733435,"isBuy":false}
{"kind":"order","ts":1784654400277,"orderId":"72645179","owner":"0xd0F8A6422CcdD812f29D8FB75CF5FCd41483BaDc","price":0.022937,"size":250313.1027334354,"isBuy":false}
{"kind":"order","ts":1784654400290,"orderId":"72645180","owner":"0xd0F8A6422CcdD812f29D8FB75CF5FCd41483BaDc","price":0.02312,"size":500626.2054668708,"isBuy":false}
{"kind":"order","ts":1784654400619,"orderId":"72645181","owner":"0x2b46C08Ca648e2334A1182D31228A79e2BEC1669","price":0.022881,"size":43704,"isBuy":true}
{"kind":"order","ts":1784654400619,"orderId":"72645182","owner":"0x2b46C08Ca648e2334A1182D31228A79e2BEC1669","price":0.022884,"size":43704,"isBuy":false}
{"kind":"order","ts":1784654402207,"orderId":"72645183","owner":"0xd0F8A6422CcdD812f29D8FB75CF5FCd41483BaDc","price":0.022858,"size":10012.5241093374,"isBuy":true}
{"kind":"order","ts":1784654402208,"orderId":"72645184","owner":"0xd0F8A6422CcdD812f29D8FB75CF5FCd41483BaDc","price":0.022854,"size":25031.3102733435,"isBuy":true}
{"kind":"order","ts":1784654402208,"orderId":"72645185","owner":"0xd0F8A6422CcdD812f29D8FB75CF5FCd41483BaDc","price":0.022839,"size":250313.1027334354,"isBuy":true}
{"kind":"order","ts":1784654402208,"orderId":"72645186","owner":"0xd0F8A6422CcdD812f29D8FB75CF5FCd41483BaDc","price":0.022759,"size":500626.2054668708,"isBuy":true}
{"kind":"order","ts":1784654402226,"orderId":"72645187","owner":"0xd0F8A6422CcdD812f29D8FB75CF5FCd41483BaDc","price":0.022894,"size":10012.5241093374,"isBuy":false}
{"kind":"order","ts":1784654402226,"orderId":"72645188","owner":"0xd0F8A6422CcdD812f29D8FB75CF5FCd41483BaDc","price":0.022904,"size":25031.3102733435,"isBuy":false}
{"kind":"order","ts":1784654402226,"orderId":"72645189","owner":"0xd0F8A6422CcdD812f29D8FB75CF5FCd41483BaDc","price":0.022937,"size":250313.1027334354,"isBuy":false}
{"kind":"order","ts":1784654402238,"orderId":"72645190","owner":"0xd0F8A6422CcdD812f29D8FB75CF5FCd41483BaDc","price":0.02312,"size":500626.2054668708,"isBuy":false}
{"kind":"order","ts":1784654402630,"orderId":"72645191","owner":"0x2b46C08Ca648e2334A1182D31228A79e2BEC1669","price":0.022881,"size":43706,"isBuy":true}
{"kind":"order","ts":1784654402633,"orderId":"72645192","owner":"0x2b46C08Ca648e2334A1182D31228A79e2BEC1669","price":0.022883,"size":43706,"isBuy":false}
{"kind":"order","ts":1784654402636,"orderId":"72645193","owner":"0x2b46C08Ca648e2334A1182D31228A79e2BEC1669","price":0.022889,"size":21853,"isBuy":false}
{"kind":"order","ts":1784654402636,"orderId":"72645194","owner":"0xd0F8A6422CcdD812f29D8FB75CF5FCd41483BaDc","price":0.022858,"size":10012.5241093374,"isBuy":true}
{"kind":"order","ts":1784654402657,"orderId":"72645195","owner":"0xd0F8A6422CcdD812f29D8FB75CF5FCd41483BaDc","price":0.022854,"size":25031.3102733435,"isBuy":true}
{"kind":"order","ts":1784654402658,"orderId":"72645196","owner":"0xd0F8A6422CcdD812f29D8FB75CF5FCd41483BaDc","price":0.022839,"size":250313.1027334354,"isBuy":true}
{"kind":"order","ts":1784654402658,"orderId":"72645197","owner":"0xd0F8A6422CcdD812f29D8FB75CF5FCd41483BaDc","price":0.022759,"size":500626.2054668708,"isBuy":true}
{"kind":"order","ts":1784654402666,"orderId":"72645198","owner":"0xd0F8A6422CcdD812f29D8FB75CF5FCd41483BaDc","price":0.022894,"size":10012.5241093374,"isBuy":false}
{"kind":"order","ts":1784654402668,"orderId":"72645199","owner":"0xd0F8A6422CcdD812f29D8FB75CF5FCd41483BaDc","price":0.022904,"size":25031.3102733435,"isBuy":false}
{"kind":"order","ts":1784654402668,"orderId":"72645200","owner":"0xd0F8A6422CcdD812f29D8FB75CF5FCd41483BaDc","price":0.022937,"size":250313.1027334354,"isBuy":false}
{"kind":"order","ts":1784654402680,"orderId":"72645201","owner":"0xd0F8A6422CcdD812f29D8FB75CF5FCd41483BaDc","price":0.02312,"size":500626.2054668708,"isBuy":false}
{"kind":"order","ts":1784654403463,"orderId":"72645202","owner":"0xd0F8A6422CcdD812f29D8FB75CF5FCd41483BaDc","price":0.022858,"size":10012.5241093374,"isBuy":true}
{"kind":"order","ts":1784654403463,"orderId":"72645203","owner":"0xd0F8A6422CcdD812f29D8FB75CF5FCd41483BaDc","price":0.022854,"size":25031.3102733435,"isBuy":true}
{"kind":"order","ts":1784654403463,"orderId":"72645204","owner":"0xd0F8A6422CcdD812f29D8FB75CF5FCd41483BaDc","price":0.022839,"size":250313.1027334354,"isBuy":true}
{"kind":"order","ts":1784654403465,"orderId":"72645205","owner":"0xd0F8A6422CcdD812f29D8FB75CF5FCd41483BaDc","price":0.022759,"size":500626.2054668708,"isBuy":true}
{"kind":"order","ts":1784654403494,"orderId":"72645206","owner":"0xd0F8A6422CcdD812f29D8FB75CF5FCd41483BaDc","price":0.022894,"size":10012.5241093374,"isBuy":false}
{"kind":"order","ts":1784654403494,"orderId":"72645207","owner":"0xd0F8A6422CcdD812f29D8FB75CF5FCd41483BaDc","price":0.022904,"size":25031.3102733435,"isBuy":false}
{"kind":"order","ts":1784654403494,"orderId":"72645208","owner":"0xd0F8A6422CcdD812f29D8FB75CF5FCd41483BaDc","price":0.022937,"size":250313.1027334354,"isBuy":false}
{"kind":"order","ts":1784654403495,"orderId":"72645209","owner":"0xd0F8A6422CcdD812f29D8FB75CF5FCd41483BaDc","price":0.02312,"size":500626.2054668708,"isBuy":false}
{"kind":"order","ts":1784654403817,"orderId":"72645210","owner":"0xd0F8A6422CcdD812f29D8FB75CF5FCd41483BaDc","price":0.022858,"size":10012.5241093374,"isBuy":true}
{"kind":"order","ts":1784654403818,"orderId":"72645211","owner":"0xd0F8A6422CcdD812f29D8FB75CF5FCd41483BaDc","price":0.022854,"size":25031.3102733435,"isBuy":true}
{"kind":"order","ts":1784654403818,"orderId":"72645212","owner":"0xd0F8A6422CcdD812f29D8FB75CF5FCd41483BaDc","price":0.022839,"size":250313.1027334354,"isBuy":true}
{"kind":"order","ts":1784654403818,"orderId":"72645213","owner":"0xd0F8A6422CcdD812f29D8FB75CF5FCd41483BaDc","price":0.022759,"size":500626.2054668708,"isBuy":true}
{"kind":"order","ts":1784654403841,"orderId":"72645214","owner":"0xd0F8A6422CcdD812f29D8FB75CF5FCd41483BaDc","price":0.022894,"size":10012.5241093374,"isBuy":false}
{"kind":"order","ts":1784654403842,"orderId":"72645215","owner":"0xd0F8A6422CcdD812f29D8FB75CF5FCd41483BaDc","price":0.022904,"size":25031.3102733435,"isBuy":false}
{"kind":"order","ts":1784654403842,"orderId":"72645216","owner":"0xd0F8A6422CcdD812f29D8FB75CF5FCd41483BaDc","price":0.022937,"size":250313.1027334354,"isBuy":false}
{"kind":"order","ts":1784654403862,"orderId":"72645217","owner":"0xd0F8A6422CcdD812f29D8FB75CF5FCd41483BaDc","price":0.02312,"size":500626.2054668708,"isBuy":false}
{"kind":"order","ts":1784654403862,"orderId":"72645218","owner":"0x8Cf67893C236963233023B56AC56A185B042866F","price":0.022882,"size":21863,"isBuy":true}
{"kind":"order","ts":1784654403863,"orderId":"72645219","owner":"0x8Cf67893C236963233023B56AC56A185B042866F","price":0.02289,"size":21863,"isBuy":false}
{"kind":"order","ts":1784654404267,"orderId":"72645220","owner":"0xd0F8A6422CcdD812f29D8FB75CF5FCd41483BaDc","price":0.022858,"size":10012.5241093374,"isBuy":true}
{"kind":"order","ts":1784654404269,"orderId":"72645221","owner":"0xd0F8A6422CcdD812f29D8FB75CF5FCd41483BaDc","price":0.022854,"size":25031.3102733435,"isBuy":true}
{"kind":"order","ts":1784654404269,"orderId":"72645222","owner":"0xd0F8A6422CcdD812f29D8FB75CF5FCd41483BaDc","price":0.022839,"size":250313.1027334354,"isBuy":true}
{"kind":"order","ts":1784654404269,"orderId":"72645223","owner":"0xd0F8A6422CcdD812f29D8FB75CF5FCd41483BaDc","price":0.022759,"size":500626.2054668708,"isBuy":true}
{"kind":"order","ts":1784654404294,"orderId":"72645224","owner":"0xd0F8A6422CcdD812f29D8FB75CF5FCd41483BaDc","price":0.022894,"size":10012.5241093374,"isBuy":false}
{"kind":"order","ts":1784654404298,"orderId":"72645225","owner":"0xd0F8A6422CcdD812f29D8FB75CF5FCd41483BaDc","price":0.022904,"size":25031.3102733435,"isBuy":false}
{"kind":"order","ts":1784654404298,"orderId":"72645226","owner":"0xd0F8A6422CcdD812f29D8FB75CF5FCd41483BaDc","price":0.022937,"size":250313.1027334354,"isBuy":false}
{"kind":"order","ts":1784654404301,"orderId":"72645227","owner":"0xd0F8A6422CcdD812f29D8FB75CF5FCd41483BaDc","price":0.02312,"size":500626.2054668708,"isBuy":false}
{"kind":"trade","ts":1784654404301,"orderId":"72645218","isBuy":false,"price":0.022882,"updatedSize":10535.6940426304,"filledSize":11327.3059573696,"taker":"0x553037Bac82741e7CA05AfB48e8538996fD70ECa","maker":"0x8Cf67893C236963233023B56AC56A185B042866F"}
{"kind":"order","ts":1784654404777,"orderId":"72645228","owner":"0xd0F8A6422CcdD812f29D8FB75CF5FCd41483BaDc","price":0.022858,"size":10012.5241093374,"isBuy":true}
{"kind":"order","ts":1784654404782,"orderId":"72645229","owner":"0xd0F8A6422CcdD812f29D8FB75CF5FCd41483BaDc","price":0.022854,"size":25031.3102733435,"isBuy":true}
{"kind":"order","ts":1784654404782,"orderId":"72645230","owner":"0xd0F8A6422CcdD812f29D8FB75CF5FCd41483BaDc","price":0.022839,"size":250313.1027334354,"isBuy":true}
{"kind":"order","ts":1784654404782,"orderId":"72645231","owner":"0xd0F8A6422CcdD812f29D8FB75CF5FCd41483BaDc","price":0.022759,"size":500626.2054668708,"isBuy":true}
{"kind":"order","ts":1784654404798,"orderId":"72645232","owner":"0xd0F8A6422CcdD812f29D8FB75CF5FCd41483BaDc","price":0.022894,"size":10012.5241093374,"isBuy":false}
{"kind":"order","ts":1784654404798,"orderId":"72645233","owner":"0xd0F8A6422CcdD812f29D8FB75CF5FCd41483BaDc","price":0.022904,"size":25031.3102733435,"isBuy":false}
{"kind":"order","ts":1784654404798,"orderId":"72645234","owner":"0xd0F8A6422CcdD812f29D8FB75CF5FCd41483BaDc","price":0.022937,"size":250313.1027334354,"isBuy":false}
{"kind":"order","ts":1784654404815,"orderId":"72645235","owner":"0xd0F8A6422CcdD812f29D8FB75CF5FCd41483BaDc","price":0.02312,"size":500626.2054668708,"isBuy":false}
{"kind":"order","ts":1784654405056,"orderId":"72645236","owner":"0x2b46C08Ca648e2334A1182D31228A79e2BEC1669","price":0.022881,"size":43706,"isBuy":true}
{"kind":"order","ts":1784654405059,"orderId":"72645237","owner":"0x2b46C08Ca648e2334A1182D31228A79e2BEC1669","price":0.022883,"size":43706,"isBuy":false}
{"kind":"order","ts":1784654405059,"orderId":"72645238","owner":"0xd0F8A6422CcdD812f29D8FB75CF5FCd41483BaDc","price":0.022865,"size":10012.5241093374,"isBuy":true}
{"kind":"order","ts":1784654405059,"orderId":"72645239","owner":"0xd0F8A6422CcdD812f29D8FB75CF5FCd41483BaDc","price":0.022861,"size":25031.3102733435,"isBuy":true}
{"kind":"order","ts":1784654405072,"orderId":"72645240","owner":"0xd0F8A6422CcdD812f29D8FB75CF5FCd41483BaDc","price":0.022846,"size":250313.1027334354,"isBuy":true}
{"kind":"order","ts":1784654405076,"orderId":"72645241","owner":"0xd0F8A6422CcdD812f29D8FB75CF5FCd41483BaDc","price":0.022766,"size":500626.2054668708,"isBuy":true}
{"kind":"order","ts":1784654405077,"orderId":"72645242","owner":"0xd0F8A6422CcdD812f29D8FB75CF5FCd41483BaDc","price":0.022894,"size":10012.5241093374,"isBuy":false}
{"kind":"order","ts":1784654405097,"orderId":"72645243","owner":"0xd0F8A6422CcdD812f29D8FB75CF5FCd41483BaDc","price":0.022904,"size":25031.3102733435,"isBuy":false}
{"kind":"order","ts":1784654405097,"orderId":"72645244","owner":"0xd0F8A6422CcdD812f29D8FB75CF5FCd41483BaDc","price":0.022937,"size":250313.1027334354,"isBuy":false}
{"kind":"order","ts":1784654405097,"orderId":"72645245","owner":"0xd0F8A6422CcdD812f29D8FB75CF5FCd41483BaDc","price":0.02312,"size":500626.2054668708,"isBuy":false}
{"kind":"order","ts":1784654405448,"orderId":"72645246","owner":"0xd0F8A6422CcdD812f29D8FB75CF5FCd41483BaDc","price":0.022858,"size":10012.5241093374,"isBuy":true}
{"kind":"order","ts":1784654405450,"orderId":"72645247","owner":"0xd0F8A6422CcdD812f29D8FB75CF5FCd41483BaDc","price":0.022854,"size":25031.3102733435,"isBuy":true}
{"kind":"order","ts":1784654405457,"orderId":"72645248","owner":"0xd0F8A6422CcdD812f29D8FB75CF5FCd41483BaDc","price":0.022839,"size":250313.1027334354,"isBuy":true}
{"kind":"order","ts":1784654405457,"orderId":"72645249","owner":"0xd0F8A6422CcdD812f29D8FB75CF5FCd41483BaDc","price":0.022759,"size":500626.2054668708,"isBuy":true}
{"kind":"order","ts":1784654405457,"orderId":"72645250","owner":"0xd0F8A6422CcdD812f29D8FB75CF5FCd41483BaDc","price":0.022894,"size":10012.5241093374,"isBuy":false}
{"kind":"order","ts":1784654405458,"orderId":"72645251","owner":"0xd0F8A6422CcdD812f29D8FB75CF5FCd41483BaDc","price":0.022904,"size":25031.3102733435,"isBuy":false}
{"kind":"order","ts":1784654405458,"orderId":"72645252","owner":"0xd0F8A6422CcdD812f29D8FB75CF5FCd41483BaDc","price":0.022937,"size":250313.1027334354,"isBuy":false}
{"kind":"order","ts":1784654405465,"orderId":"72645253","owner":"0xd0F8A6422CcdD812f29D8FB75CF5FCd41483BaDc","price":0.02312,"size":500626.2054668708,"isBuy":false}
{"kind":"order","ts":1784654406249,"orderId":"72645254","owner":"0xd0F8A6422CcdD812f29D8FB75CF5FCd41483BaDc","price":0.022858,"size":10012.5241093374,"isBuy":true}
{"kind":"order","ts":1784654406249,"orderId":"72645255","owner":"0xd0F8A6422CcdD812f29D8FB75CF5FCd41483BaDc","price":0.022854,"size":25031.3102733435,"isBuy":true}
{"kind":"order","ts":1784654406249,"orderId":"72645256","owner":"0xd0F8A6422CcdD812f29D8FB75CF5FCd41483BaDc","price":0.022839,"size":250313.1027334354,"isBuy":true}
{"kind":"order","ts":1784654406249,"orderId":"72645257","owner":"0xd0F8A6422CcdD812f29D8FB75CF5FCd41483BaDc","price":0.022759,"size":500626.2054668708,"isBuy":true}
{"kind":"order","ts":1784654406266,"orderId":"72645258","owner":"0xd0F8A6422CcdD812f29D8FB75CF5FCd41483BaDc","price":0.022894,"size":10012.5241093374,"isBuy":false}
{"kind":"order","ts":1784654406278,"orderId":"72645259","owner":"0xd0F8A6422CcdD812f29D8FB75CF5FCd41483BaDc","price":0.022904,"size":25031.3102733435,"isBuy":false}
{"kind":"order","ts":1784654406279,"orderId":"72645260","owner":"0xd0F8A6422CcdD812f29D8FB75CF5FCd41483BaDc","price":0.022937,"size":250313.1027334354,"isBuy":false}
{"kind":"order","ts":1784654406282,"orderId":"72645261","owner":"0xd0F8A6422CcdD812f29D8FB75CF5FCd41483BaDc","price":0.02312,"size":500626.2054668708,"isBuy":false}
{"kind":"order","ts":1784654406680,"orderId":"72645262","owner":"0xd0F8A6422CcdD812f29D8FB75CF5FCd41483BaDc","price":0.022858,"size":10012.5241093374,"isBuy":true}
{"kind":"order","ts":1784654406680,"orderId":"72645263","owner":"0xd0F8A6422CcdD812f29D8FB75CF5FCd41483BaDc","price":0.022854,"size":25031.3102733435,"isBuy":true}
{"kind":"order","ts":1784654406680,"orderId":"72645264","owner":"0xd0F8A6422CcdD812f29D8FB75CF5FCd41483BaDc","price":0.022839,"size":250313.1027334354,"isBuy":true}
{"kind":"order","ts":1784654406680,"orderId":"72645265","owner":"0xd0F8A6422CcdD812f29D8FB75CF5FCd41483BaDc","price":0.022759,"size":500626.2054668708,"isBuy":true}
{"kind":"order","ts":1784654406693,"orderId":"72645266","owner":"0xd0F8A6422CcdD812f29D8FB75CF5FCd41483BaDc","price":0.022894,"size":10012.5241093374,"isBuy":false}
{"kind":"order","ts":1784654406694,"orderId":"72645267","owner":"0xd0F8A6422CcdD812f29D8FB75CF5FCd41483BaDc","price":0.022904,"size":25031.3102733435,"isBuy":false}
{"kind":"order","ts":1784654406694,"orderId":"72645268","owner":"0xd0F8A6422CcdD812f29D8FB75CF5FCd41483BaDc","price":0.022937,"size":250313.1027334354,"isBuy":false}
{"kind":"order","ts":1784654406709,"orderId":"72645269","owner":"0xd0F8A6422CcdD812f29D8FB75CF5FCd41483BaDc","price":0.02312,"size":500626.2054668708,"isBuy":false}
{"kind":"order","ts":1784654407075,"orderId":"72645270","owner":"0xd0F8A6422CcdD812f29D8FB75CF5FCd41483BaDc","price":0.022865,"size":10012.5241093374,"isBuy":true}
{"kind":"order","ts":1784654407078,"orderId":"72645271","owner":"0xd0F8A6422CcdD812f29D8FB75CF5FCd41483BaDc","price":0.022861,"size":25031.3102733435,"isBuy":true}
{"kind":"order","ts":1784654407078,"orderId":"72645272","owner":"0xd0F8A6422CcdD812f29D8FB75CF5FCd41483BaDc","price":0.022846,"size":250313.1027334354,"isBuy":true}
{"kind":"order","ts":1784654407078,"orderId":"72645273","owner":"0xd0F8A6422CcdD812f29D8FB75CF5FCd41483BaDc","price":0.022766,"size":500626.2054668708,"isBuy":true}
{"kind":"order","ts":1784654407095,"orderId":"72645274","owner":"0xd0F8A6422CcdD812f29D8FB75CF5FCd41483BaDc","price":0.022894,"size":10012.5241093374,"isBuy":false}
{"kind":"order","ts":1784654407095,"orderId":"72645275","owner":"0xd0F8A6422CcdD812f29D8FB75CF5FCd41483BaDc","price":0.022904,"size":25031.3102733435,"isBuy":false}
{"kind":"order","ts":1784654407095,"orderId":"72645276","owner":"0xd0F8A6422CcdD812f29D8FB75CF5FCd41483BaDc","price":0.022937,"size":250313.1027334354,"isBuy":false}
{"kind":"order","ts":1784654407111,"orderId":"72645277","owner":"0xd0F8A6422CcdD812f29D8FB75CF5FCd41483BaDc","price":0.02312,"size":500626.2054668708,"isBuy":false}
{"kind":"order","ts":1784654407111,"orderId":"72645278","owner":"0x2b46C08Ca648e2334A1182D31228A79e2BEC1669","price":0.02288,"size":43707,"isBuy":true}
{"kind":"order","ts":1784654407111,"orderId":"72645279","owner":"0x2b46C08Ca648e2334A1182D31228A79e2BEC1669","price":0.022882,"size":33171.3059573696,"isBuy":false}
{"kind":"order","ts":1784654407126,"orderId":"72645280","owner":"0x2b46C08Ca648e2334A1182D31228A79e2BEC1669","price":0.022874,"size":21853,"isBuy":true}
{"kind":"order","ts":1784654407126,"orderId":"72645281","owner":"0x2b46C08Ca648e2334A1182D31228A79e2BEC1669","price":0.022888,"size":21853,"isBuy":false}
{"kind":"trade","ts":1784654407126,"orderId":"72645218","isBuy":false,"price":0.022882,"updatedSize":0,"filledSize":10535.6940426304,"taker":"0x2b46C08Ca648e2334A1182D31228A79e2BEC1669","maker":"0x8Cf67893C236963233023B56AC56A185B042866F"}
{"kind":"order","ts":1784654407595,"orderId":"72645282","owner":"0xd0F8A6422CcdD812f29D8FB75CF5FCd41483BaDc","price":0.022858,"size":10012.5241093374,"isBuy":true}
{"kind":"order","ts":1784654407599,"orderId":"72645283","owner":"0xd0F8A6422CcdD812f29D8FB75CF5FCd41483BaDc","price":0.022854,"size":25031.3102733435,"isBuy":true}
{"kind":"order","ts":1784654407599,"orderId":"72645284","owner":"0xd0F8A6422CcdD812f29D8FB75CF5FCd41483BaDc","price":0.022839,"size":250313.1027334354,"isBuy":true}
{"kind":"order","ts":1784654407599,"orderId":"72645285","owner":"0xd0F8A6422CcdD812f29D8FB75CF5FCd41483BaDc","price":0.022759,"size":500626.2054668708,"isBuy":true}
{"kind":"order","ts":1784654407614,"orderId":"72645286","owner":"0xd0F8A6422CcdD812f29D8FB75CF5FCd41483BaDc","price":0.022894,"size":10012.5241093374,"isBuy":false}
{"kind":"order","ts":1784654407615,"orderId":"72645287","owner":"0xd0F8A6422CcdD812f29D8FB75CF5FCd41483BaDc","price":0.022904,"size":25031.3102733435,"isBuy":false}
{"kind":"order","ts":1784654407615,"orderId":"72645288","owner":"0xd0F8A6422CcdD812f29D8FB75CF5FCd41483BaDc","price":0.022937,"size":250313.1027334354,"isBuy":false}
{"kind":"order","ts":1784654407626,"orderId":"72645289","owner":"0xd0F8A6422CcdD812f29D8FB75CF5FCd41483BaDc","price":0.02312,"size":500626.2054668708,"isBuy":false}
{"kind":"order","ts":1784654407627,"orderId":"72645290","owner":"0x8Cf67893C236963233023B56AC56A185B042866F","price":0.022882,"size":21863,"isBuy":true}
{"kind":"order","ts":1784654408279,"orderId":"72645291","owner":"0xd0F8A6422CcdD812f29D8FB75CF5FCd41483BaDc","price":0.022865,"size":10012.5241093374,"isBuy":true}
{"kind":"order","ts":1784654408279,"orderId":"72645292","owner":"0xd0F8A6422CcdD812f29D8FB75CF5FCd41483BaDc","price":0.022861,"size":25031.3102733435,"isBuy":true}
{"kind":"order","ts":1784654408279,"orderId":"72645293","owner":"0xd0F8A6422CcdD812f29D8FB75CF5FCd41483BaDc","price":0.022846,"size":250313.1027334354,"isBuy":true}
{"kind":"order","ts":1784654408279,"orderId":"72645294","owner":"0xd0F8A6422CcdD812f29D8FB75CF5FCd41483BaDc","price":0.022766,"size":500626.2054668708,"isBuy":true}
{"kind":"order","ts":1784654408279,"orderId":"72645295","owner":"0xd0F8A6422CcdD812f29D8FB75CF5FCd41483BaDc","price":0.022894,"size":10012.5241093374,"isBuy":false}
{"kind":"order","ts":1784654408280,"orderId":"72645296","owner":"0xd0F8A6422CcdD812f29D8FB75CF5FCd41483BaDc","price":0.022904,"size":25031.3102733435,"isBuy":false}
{"kind":"order","ts":1784654408280,"orderId":"72645297","owner":"0xd0F8A6422CcdD812f29D8FB75CF5FCd41483BaDc","price":0.022937,"size":250313.1027334354,"isBuy":false}
{"kind":"order","ts":1784654408284,"orderId":"72645298","owner":"0xd0F8A6422CcdD812f29D8FB75CF5FCd41483BaDc","price":0.02312,"size":500626.2054668708,"isBuy":false}
{"kind":"order","ts":1784654408654,"orderId":"72645299","owner":"0xd0F8A6422CcdD812f29D8FB75CF5FCd41483BaDc","price":0.022858,"size":10012.5241093374,"isBuy":true}
{"kind":"order","ts":1784654408659,"orderId":"72645300","owner":"0xd0F8A6422CcdD812f29D8FB75CF5FCd41483BaDc","price":0.022854,"size":25031.3102733435,"isBuy":true}
{"kind":"order","ts":1784654408659,"orderId":"72645301","owner":"0xd0F8A6422CcdD812f29D8FB75CF5FCd41483BaDc","price":0.022839,"size":250313.1027334354,"isBuy":true}
{"kind":"order","ts":1784654408660,"orderId":"72645302","owner":"0xd0F8A6422CcdD812f29D8FB75CF5FCd41483BaDc","price":0.022759,"size":500626.2054668708,"isBuy":true}
{"kind":"order","ts":1784654408677,"orderId":"72645303","owner":"0xd0F8A6422CcdD812f29D8FB75CF5FCd41483BaDc","price":0.022894,"size":10012.5241093374,"isBuy":false}
{"kind":"order","ts":1784654408677,"orderId":"72645304","owner":"0xd0F8A6422CcdD812f29D8FB75CF5FCd41483BaDc","price":0.022904,"size":25031.3102733435,"isBuy":false}
{"kind":"order","ts":1784654408677,"orderId":"72645305","owner":"0xd0F8A6422CcdD812f29D8FB75CF5FCd41483BaDc","price":0.022937,"size":250313.1027334354,"isBuy":false}
{"kind":"order","ts":1784654408688,"orderId":"72645306","owner":"0xd0F8A6422CcdD812f29D8FB75CF5FCd41483BaDc","price":0.02312,"size":500626.2054668708,"isBuy":false}
{"kind":"order","ts":1784654409206,"orderId":"72645307","owner":"0x2b46C08Ca648e2334A1182D31228A79e2BEC1669","price":0.022881,"size":43705,"isBuy":true}
{"kind":"order","ts":1784654409211,"orderId":"72645308","owner":"0x2b46C08Ca648e2334A1182D31228A79e2BEC1669","price":0.022884,"size":43705,"isBuy":false}
{"kind":"order","ts":1784654409211,"orderId":"72645309","owner":"0x2b46C08Ca648e2334A1182D31228A79e2BEC1669","price":0.022875,"size":21852,"isBuy":true}
{"kind":"order","ts":1784654409211,"orderId":"72645310","owner":"0x2b46C08Ca648e2334A1182D31228A79e2BEC1669","price":0.02289,"size":21852,"isBuy":false}
