{"kind":"order","ts":1784661365447,"orderId":"72673232","owner":"0x8Cf67893C236963233023B56AC56A185B042866F","price":0.023315,"size":21452,"isBuy":true}
{"kind":"order","ts":1784661366176,"orderId":"72673233","owner":"0x2b46C08Ca648e2334A1182D31228A79e2BEC1669","price":0.023311,"size":42882,"isBuy":true}
{"kind":"order","ts":1784661366181,"orderId":"72673234","owner":"0x2b46C08Ca648e2334A1182D31228A79e2BEC1669","price":0.023314,"size":21430,"isBuy":false}
{"kind":"trade","ts":1784661366181,"orderId":"72673232","isBuy":false,"price":0.023315,"updatedSize":0,"filledSize":21452,"taker":"0x2b46C08Ca648e2334A1182D31228A79e2BEC1669","maker":"0x8Cf67893C236963233023B56AC56A185B042866F"}
{"kind":"order","ts":1784661366602,"orderId":"72673235","owner":"0x8Cf67893C236963233023B56AC56A185B042866F","price":0.023314,"size":21443,"isBuy":true}
{"kind":"order","ts":1784661367902,"orderId":"72673236","owner":"0xd0F8A6422CcdD812f29D8FB75CF5FCd41483BaDc","price":0.023309,"size":9918.3449656946,"isBuy":true}
{"kind":"order","ts":1784661368220,"orderId":"72673237","owner":"0xd0F8A6422CcdD812f29D8FB75CF5FCd41483BaDc","price":0.023301,"size":24795.8624142367,"isBuy":true}
{"kind":"order","ts":1784661368221,"orderId":"72673238","owner":"0xd0F8A6422CcdD812f29D8FB75CF5FCd41483BaDc","price":0.023274,"size":247958.624142367,"isBuy":true}
{"kind":"order","ts":1784661368222,"orderId":"72673239","owner":"0xd0F8A6422CcdD812f29D8FB75CF5FCd41483BaDc","price":0.023127,"size":495917.2482847341,"isBuy":true}
{"kind":"order","ts":1784661368223,"orderId":"72673240","owner":"0xd0F8A6422CcdD812f29D8FB75CF5FCd41483BaDc","price":0.023339,"size":9918.3449656946,"isBuy":false}
{"kind":"order","ts":1784661368223,"orderId":"72673241","owner":"0xd0F8A6422CcdD812f29D8FB75CF5FCd41483BaDc","price":0.023345,"size":24795.8624142367,"isBuy":false}
{"kind":"order","ts":1784661368224,"orderId":"72673242","owner":"0xd0F8A6422CcdD812f29D8FB75CF5FCd41483BaDc","price":0.023365,"size":247958.624142367,"isBuy":false}
{"kind":"order","ts":1784661368224,"orderId":"72673243","owner":"0xd0F8A6422CcdD812f29D8FB75CF5FCd41483BaDc","price":0.023478,"size":495917.2482847341,"isBuy":false}
{"kind":"order","ts":1784661368224,"orderId":"72673244","owner":"0x2b46C08Ca648e2334A1182D31228A79e2BEC1669","price":0.023319,"size":42869,"isBuy":true}
{"kind":"order","ts":1784661368224,"orderId":"72673245","owner":"0x2b46C08Ca648e2334A1182D31228A79e2BEC1669","price":0.023321,"size":42869,"isBuy":false}
{"kind":"order","ts":1784661368225,"orderId":"72673246","owner":"0x2b46C08Ca648e2334A1182D31228A79e2BEC1669","price":0.023313,"size":21434,"isBuy":true}
{"kind":"order","ts":1784661368225,"orderId":"72673247","owner":"0x2b46C08Ca648e2334A1182D31228A79e2BEC1669","price":0.023328,"size":21434,"isBuy":false}
{"kind":"order","ts":1784661368225,"orderId":"72673248","owner":"0x8Cf67893C236963233023B56AC56A185B042866F","price":0.023311,"size":21443,"isBuy":true}
{"kind":"order","ts":1784661368235,"orderId":"72673249","owner":"0x8Cf67893C236963233023B56AC56A185B042866F","price":0.023321,"size":21443,"isBuy":false}
{"kind":"order","ts":1784661368235,"orderId":"72673250","owner":"0x2b46C08Ca648e2334A1182D31228A79e2BEC1669","price":0.023316,"size":42873,"isBuy":true}
{"kind":"order","ts":1784661368236,"orderId":"72673251","owner":"0x2b46C08Ca648e2334A1182D31228A79e2BEC1669","price":0.023319,"size":42873,"isBuy":false}
{"kind":"order","ts":1784661368236,"orderId":"72673252","owner":"0x2b46C08Ca648e2334A1182D31228A79e2BEC1669","price":0.02331,"size":21436,"isBuy":true}
{"kind":"order","ts":1784661368236,"orderId":"72673253","owner":"0x2b46C08Ca648e2334A1182D31228A79e2BEC1669","price":0.023325,"size":21436,"isBuy":false}
{"kind":"order","ts":1784661368601,"orderId":"72673254","owner":"0x8Cf67893C236963233023B56AC56A185B042866F","price":0.023319,"size":21443,"isBuy":true}
{"kind":"order","ts":1784661368601,"orderId":"72673255","owner":"0x8Cf67893C236963233023B56AC56A185B042866F","price":0.023329,"size":21443,"isBuy":false}
{"kind":"order","ts":1784661369405,"orderId":"72673256","owner":"0x8Cf67893C236963233023B56AC56A185B042866F","price":0.023331,"size":21443,"isBuy":false}
{"kind":"order","ts":1784661369811,"orderId":"72673257","owner":"0x8Cf67893C236963233023B56AC56A185B042866F","price":0.023321,"size":21443,"isBuy":true}
{"kind":"order","ts":1784661370238,"orderId":"72673258","owner":"0x2b46C08Ca648e2334A1182D31228A79e2BEC1669","price":0.023316,"size":42874,"isBuy":true}
{"kind":"order","ts":1784661370248,"orderId":"72673259","owner":"0x2b46C08Ca648e2334A1182D31228A79e2BEC1669","price":0.023319,"size":21431,"isBuy":false}
{"kind":"trade","ts":1784661370249,"orderId":"72673257","isBuy":false,"price":0.023321,"updatedSize":0,"filledSize":21443,"taker":"0x2b46C08Ca648e2334A1182D31228A79e2BEC1669","maker":"0x8Cf67893C236963233023B56AC56A185B042866F"}
{"kind":"order","ts":1784661370630,"orderId":"72673260","owner":"0x8Cf67893C236963233023B56AC56A185B042866F","price":0.023319,"size":21443,"isBuy":true}
{"kind":"order","ts":1784661371409,"orderId":"72673261","owner":"0x8Cf67893C236963233023B56AC56A185B042866F","price":0.023329,"size":21443,"isBuy":false}
{"kind":"order","ts":1784661372247,"orderId":"72673262","owner":"0x2b46C08Ca648e2334A1182D31228A79e2BEC1669","price":0.023317,"size":42873,"isBuy":true}
{"kind":"order","ts":1784661372248,"orderId":"72673263","owner":"0x2b46C08Ca648e2334A1182D31228A79e2BEC1669","price":0.02332,"size":42873,"isBuy":false}
{"kind":"order","ts":1784661372248,"orderId":"72673264","owner":"0x2b46C08Ca648e2334A1182D31228A79e2BEC1669","price":0.023311,"size":21436,"isBuy":true}
{"kind":"order","ts":1784661372248,"orderId":"72673265","owner":"0x2b46C08Ca648e2334A1182D31228A79e2BEC1669","price":0.023326,"size":21436,"isBuy":false}
{"kind":"order","ts":1784661373859,"orderId":"72673266","owner":"0xd0F8A6422CcdD812f29D8FB75CF5FCd41483BaDc","price":0.023311,"size":9917.3136908896,"isBuy":true}
{"kind":"order","ts":1784661373872,"orderId":"72673267","owner":"0xd0F8A6422CcdD812f29D8FB75CF5FCd41483BaDc","price":0.023303,"size":24793.284227224,"isBuy":true}
{"kind":"order","ts":1784661373872,"orderId":"72673268","owner":"0xd0F8A6422CcdD812f29D8FB75CF5FCd41483BaDc","price":0.023276,"size":247932.8422722401,"isBuy":true}
{"kind":"order","ts":1784661373872,"orderId":"72673269","owner":"0xd0F8A6422CcdD812f29D8FB75CF5FCd41483BaDc","price":0.023129,"size":495865.6845444802,"isBuy":true}
{"kind":"order","ts":1784661373875,"orderId":"72673270","owner":"0xd0F8A6422CcdD812f29D8FB75CF5FCd41483BaDc","price":0.023345,"size":9917.3136908896,"isBuy":false}
{"kind":"order","ts":1784661373875,"orderId":"72673271","owner":"0xd0F8A6422CcdD812f29D8FB75CF5FCd41483BaDc","price":0.023351,"size":24793.284227224,"isBuy":false}
{"kind":"order","ts":1784661373876,"orderId":"72673272","owner":"0xd0F8A6422CcdD812f29D8FB75CF5FCd41483BaDc","price":0.023371,"size":247932.8422722401,"isBuy":false}
{"kind":"order","ts":1784661373895,"orderId":"72673273","owner":"0xd0F8A6422CcdD812f29D8FB75CF5FCd41483BaDc","price":0.023484,"size":495865.6845444802,"isBuy":false}
{"kind":"order","ts":1784661374236,"orderId":"72673274","owner":"0x2b46C08Ca648e2334A1182D31228A79e2BEC1669","price":0.023318,"size":42872,"isBuy":true}
{"kind":"order","ts":1784661374237,"orderId":"72673275","owner":"0x2b46C08Ca648e2334A1182D31228A79e2BEC1669","price":0.02332,"size":42872,"isBuy":false}
{"kind":"order","ts":1784661374237,"orderId":"72673276","owner":"0x2b46C08Ca648e2334A1182D31228A79e2BEC1669","price":0.023312,"size":21436,"isBuy":true}
{"kind":"order","ts":1784661374237,"orderId":"72673277","owner":"0x2b46C08Ca648e2334A1182D31228A79e2BEC1669","price":0.023327,"size":21436,"isBuy":false}
{"kind":"order","ts":1784661374250,"orderId":"72673278","owner":"0x2b46C08Ca648e2334A1182D31228A79e2BEC1669","price":0.02332,"size":42868,"isBuy":true}
{"kind":"order","ts":1784661374250,"orderId":"72673279","owner":"0x2b46C08Ca648e2334A1182D31228A79e2BEC1669","price":0.023323,"size":42868,"isBuy":false}
{"kind":"order","ts":1784661374251,"orderId":"72673280","owner":"0x2b46C08Ca648e2334A1182D31228A79e2BEC1669","price":0.023314,"size":21434,"isBuy":true}
{"kind":"order","ts":1784661374264,"orderId":"72673281","owner":"0x2b46C08Ca648e2334A1182D31228A79e2BEC1669","price":0.023329,"size":21434,"isBuy":false}
{"kind":"order","ts":1784661374755,"orderId":"72673282","owner":"0x8Cf67893C236963233023B56AC56A185B042866F","price":0.023317,"size":21443,"isBuy":true}
{"kind":"order","ts":1784661374755,"orderId":"72673283","owner":"0x8Cf67893C236963233023B56AC56A185B042866F","price":0.023327,"size":21443,"isBuy":false}
{"kind":"order","ts":1784661375888,"orderId":"72673284","owner":"0x8Cf67893C236963233023B56AC56A185B042866F","price":0.02332,"size":21443,"isBuy":true}
{"kind":"order","ts":1784661375890,"orderId":"72673285","owner":"0x8Cf67893C236963233023B56AC56A185B042866F","price":0.023329,"size":21443,"isBuy":false}
{"kind":"order","ts":1784661377041,"orderId":"72673286","owner":"0x2b46C08Ca648e2334A1182D31228A79e2BEC1669","price":0.023318,"size":42871,"isBuy":true}
{"kind":"order","ts":1784661377050,"orderId":"72673287","owner":"0x2b46C08Ca648e2334A1182D31228A79e2BEC1669","price":0.023321,"size":42871,"isBuy":false}
{"kind":"order","ts":1784661377051,"orderId":"72673288","owner":"0x2b46C08Ca648e2334A1182D31228A79e2BEC1669","price":0.023312,"size":21435,"isBuy":true}
{"kind":"order","ts":1784661377051,"orderId":"72673289","owner":"0x2b46C08Ca648e2334A1182D31228A79e2BEC1669","price":0.023327,"size":21435,"isBuy":false}
{"kind":"order","ts":1784661377885,"orderId":"72673290","owner":"0x8Cf67893C236963233023B56AC56A185B042866F","price":0.023316,"size":21443,"isBuy":true}
{"kind":"order","ts":1784661377887,"orderId":"72673291","owner":"0x8Cf67893C236963233023B56AC56A185B042866F","price":0.023326,"size":21443,"isBuy":false}
{"kind":"order","ts":1784661378623,"orderId":"72673292","owner":"0x2b46C08Ca648e2334A1182D31228A79e2BEC1669","price":0.023318,"size":42871,"isBuy":true}
{"kind":"order","ts":1784661378623,"orderId":"72673293","owner":"0x2b46C08Ca648e2334A1182D31228A79e2BEC1669","price":0.023321,"size":42871,"isBuy":false}
{"kind":"order","ts":1784661378623,"orderId":"72673294","owner":"0x8Cf67893C236963233023B56AC56A185B042866F","price":0.023318,"size":21443,"isBuy":true}
{"kind":"order","ts":1784661380786,"orderId":"72673295","owner":"0x2b46C08Ca648e2334A1182D31228A79e2BEC1669","price":0.023319,"size":42869,"isBuy":true}
{"kind":"order","ts":1784661380787,"orderId":"72673296","owner":"0x2b46C08Ca648e2334A1182D31228A79e2BEC1669","price":0.023322,"size":42869,"isBuy":false}
{"kind":"order","ts":1784661380787,"orderId":"72673297","owner":"0x2b46C08Ca648e2334A1182D31228A79e2BEC1669","price":0.023313,"size":21434,"isBuy":true}
{"kind":"order","ts":1784661380787,"orderId":"72673298","owner":"0x2b46C08Ca648e2334A1182D31228A79e2BEC1669","price":0.023328,"size":21434,"isBuy":false}
{"kind":"order","ts":1784661382619,"orderId":"72673299","owner":"0x2b46C08Ca648e2334A1182D31228A79e2BEC1669","price":0.023319,"size":42869,"isBuy":true}
{"kind":"order","ts":1784661382624,"orderId":"72673300","owner":"0x2b46C08Ca648e2334A1182D31228A79e2BEC1669","price":0.023322,"size":42869,"isBuy":false}
{"kind":"order","ts":1784661384750,"orderId":"72673301","owner":"0x2b46C08Ca648e2334A1182D31228A79e2BEC1669","price":0.023319,"size":42869,"isBuy":true}
{"kind":"order","ts":1784661384751,"orderId":"72673302","owner":"0x2b46C08Ca648e2334A1182D31228A79e2BEC1669","price":0.023322,"size":42869,"isBuy":false}
{"kind":"order","ts":1784661386624,"orderId":"72673303","owner":"0x2b46C08Ca648e2334A1182D31228A79e2BEC1669","price":0.023318,"size":42871,"isBuy":true}
{"kind":"order","ts":1784661386628,"orderId":"72673304","owner":"0x2b46C08Ca648e2334A1182D31228A79e2BEC1669","price":0.023321,"size":42871,"isBuy":false}
{"kind":"order","ts":1784661386629,"orderId":"72673305","owner":"0x2b46C08Ca648e2334A1182D31228A79e2BEC1669","price":0.023312,"size":21435,"isBuy":true}
{"kind":"order","ts":1784661386630,"orderId":"72673306","owner":"0x2b46C08Ca648e2334A1182D31228A79e2BEC1669","price":0.023327,"size":21435,"isBuy":false}
{"kind":"order","ts":1784661388647,"orderId":"72673307","owner":"0x2b46C08Ca648e2334A1182D31228A79e2BEC1669","price":0.023318,"size":42871,"isBuy":true}
{"kind":"order","ts":1784661388649,"orderId":"72673308","owner":"0x2b46C08Ca648e2334A1182D31228A79e2BEC1669","price":0.023321,"size":42871,"isBuy":false}
{"kind":"order","ts":1784661391186,"orderId":"72673309","owner":"0x2b46C08Ca648e2334A1182D31228A79e2BEC1669","price":0.02332,"size":42869,"isBuy":true}
{"kind":"order","ts":1784661391190,"orderId":"72673310","owner":"0x2b46C08Ca648e2334A1182D31228A79e2BEC1669","price":0.023322,"size":42869,"isBuy":false}
{"kind":"order","ts":1784661391190,"orderId":"72673311","owner":"0x2b46C08Ca648e2334A1182D31228A79e2BEC1669","price":0.023313,"size":21434,"isBuy":true}
{"kind":"order","ts":1784661391190,"orderId":"72673312","owner":"0x2b46C08Ca648e2334A1182D31228A79e2BEC1669","price":0.023328,"size":21434,"isBuy":false}
{"kind":"order","ts":1784661393047,"orderId":"72673313","owner":"0x2b46C08Ca648e2334A1182D31228A79e2BEC1669","price":0.023319,"size":42870,"isBuy":true}
{"kind":"order","ts":1784661393066,"orderId":"72673314","owner":"0x2b46C08Ca648e2334A1182D31228A79e2BEC1669","price":0.023322,"size":42870,"isBuy":false}
{"kind":"order","ts":1784661395169,"orderId":"72673315","owner":"0x2b46C08Ca648e2334A1182D31228A79e2BEC1669","price":0.023319,"size":42870,"isBuy":true}
{"kind":"order","ts":1784661395169,"orderId":"72673316","owner":"0x2b46C08Ca648e2334A1182D31228A79e2BEC1669","price":0.023322,"size":42870,"isBuy":false}
{"kind":"order","ts":1784661397074,"orderId":"72673317","owner":"0x2b46C08Ca648e2334A1182D31228A79e2BEC1669","price":0.023318,"size":42871,"isBuy":true}
{"kind":"order","ts":1784661397074,"orderId":"72673318","owner":"0x2b46C08Ca648e2334A1182D31228A79e2BEC1669","price":0.023321,"size":42871,"isBuy":false}
{"kind":"order","ts":1784661397074,"orderId":"72673319","owner":"0x2b46C08Ca648e2334A1182D31228A79e2BEC1669","price":0.023312,"size":21435,"isBuy":true}
{"kind":"order","ts":1784661397074,"orderId":"72673320","owner":"0x2b46C08Ca648e2334A1182D31228A79e2BEC1669","price":0.023327,"size":21435,"isBuy":false}
{"kind":"order","ts":1784661399043,"orderId":"72673321","owner":"0x2b46C08Ca648e2334A1182D31228A79e2BEC1669","price":0.023317,"size":42872,"isBuy":true}
{"kind":"order","ts":1784661399049,"orderId":"72673322","owner":"0x2b46C08Ca648e2334A1182D31228A79e2BEC1669","price":0.02332,"size":42872,"isBuy":false}
{"kind":"order","ts":1784661399050,"orderId":"72673323","owner":"0x2b46C08Ca648e2334A1182D31228A79e2BEC1669","price":0.023311,"size":21436,"isBuy":true}
{"kind":"order","ts":1784661399050,"orderId":"72673324","owner":"0x2b46C08Ca648e2334A1182D31228A79e2BEC1669","price":0.023326,"size":21436,"isBuy":false}
{"kind":"order","ts":1784661400931,"orderId":"72673325","owner":"0x2b46C08Ca648e2334A1182D31228A79e2BEC1669","price":0.023317,"size":42872,"isBuy":true}
{"kind":"order","ts":1784661400931,"orderId":"72673326","owner":"0x2b46C08Ca648e2334A1182D31228A79e2BEC1669","price":0.02332,"size":42872,"isBuy":false}
{"kind":"order","ts":1784661403401,"orderId":"72673327","owner":"0x2b46C08Ca648e2334A1182D31228A79e2BEC1669","price":0.023317,"size":42873,"isBuy":true}
{"kind":"order","ts":1784661403402,"orderId":"72673328","owner":"0x2b46C08Ca648e2334A1182D31228A79e2BEC1669","price":0.02332,"size":42873,"isBuy":false}
{"kind":"order","ts":1784661405146,"orderId":"72673329","owner":"0x2b46C08Ca648e2334A1182D31228A79e2BEC1669","price":0.023317,"size":42873,"isBuy":true}
{"kind":"order","ts":1784661405147,"orderId":"72673330","owner":"0x2b46C08Ca648e2334A1182D31228A79e2BEC1669","price":0.02332,"size":42873,"isBuy":false}
{"kind":"order","ts":1784661405147,"orderId":"72673331","owner":"0x2b46C08Ca648e2334A1182D31228A79e2BEC1669","price":0.023311,"size":21436,"isBuy":true}
{"kind":"order","ts":1784661405151,"orderId":"72673332","owner":"0x2b46C08Ca648e2334A1182D31228A79e2BEC1669","price":0.023326,"size":21436,"isBuy":false}
{"kind":"order","ts":1784661407141,"orderId":"72673333","owner":"0x2b46C08Ca648e2334A1182D31228A79e2BEC1669","price":0.023317,"size":42873,"isBuy":true}
{"kind":"order","ts":1784661407154,"orderId":"72673334","owner":"0x2b46C08Ca648e2334A1182D31228A79e2BEC1669","price":0.02332,"size":42873,"isBuy":false}
{"kind":"order","ts":1784661407166,"orderId":"72673335","owner":"0x2b46C08Ca648e2334A1182D31228A79e2BEC1669","price":0.023311,"size":21436,"isBuy":true}
{"kind":"order","ts":1784661407167,"orderId":"72673336","owner":"0x2b46C08Ca648e2334A1182D31228A79e2BEC1669","price":0.023326,"size":21436,"isBuy":false}
{"kind":"order","ts":1784661408853,"orderId":"72673337","owner":"0xd0F8A6422CcdD812f29D8FB75CF5FCd41483BaDc","price":0.023307,"size":9917.3136908896,"isBuy":true}
{"kind":"order","ts":1784661408858,"orderId":"72673338","owner":"0xd0F8A6422CcdD812f29D8FB75CF5FCd41483BaDc","price":0.023299,"size":24793.284227224,"isBuy":true}
{"kind":"order","ts":1784661408858,"orderId":"72673339","owner":"0xd0F8A6422CcdD812f29D8FB75CF5FCd41483BaDc","price":0.023272,"size":247932.8422722401,"isBuy":true}
{"kind":"order","ts":1784661408858,"orderId":"72673340","owner":"0xd0F8A6422CcdD812f29D8FB75CF5FCd41483BaDc","price":0.023125,"size":495865.6845444802,"isBuy":true}
{"kind":"order","ts":1784661408859,"orderId":"72673341","owner":"0xd0F8A6422CcdD812f29D8FB75CF5FCd41483BaDc","price":0.023338,"size":9917.3136908896,"isBuy":false}
{"kind":"order","ts":1784661408859,"orderId":"72673342","owner":"0xd0F8A6422CcdD812f29D8FB75CF5FCd41483BaDc","price":0.023344,"size":24793.284227224,"isBuy":false}
{"kind":"order","ts":1784661408859,"orderId":"72673343","owner":"0xd0F8A6422CcdD812f29D8FB75CF5FCd41483BaDc","price":0.023365,"size":247932.8422722401,"isBuy":false}
{"kind":"order","ts":1784661408859,"orderId":"72673344","owner":"0xd0F8A6422CcdD812f29D8FB75CF5FCd41483BaDc","price":0.023478,"size":495865.6845444802,"isBuy":false}
{"kind":"order","ts":1784661408859,"orderId":"72673345","owner":"0x2b46C08Ca648e2334A1182D31228A79e2BEC1669","price":0.023314,"size":42880,"isBuy":true}
{"kind":"order","ts":1784661408859,"orderId":"72673346","owner":"0x2b46C08Ca648e2334A1182D31228A79e2BEC1669","price":0.023316,"size":21437,"isBuy":false}
{"kind":"order","ts":1784661408859,"orderId":"72673347","owner":"0x2b46C08Ca648e2334A1182D31228A79e2BEC1669","price":0.023307,"size":21440,"isBuy":true}
{"kind":"order","ts":1784661408859,"orderId":"72673348","owner":"0x2b46C08Ca648e2334A1182D31228A79e2BEC1669","price":0.023322,"size":21440,"isBuy":false}
{"kind":"order","ts":1784661408862,"orderId":"72673349","owner":"0x8Cf67893C236963233023B56AC56A185B042866F","price":0.023316,"size":21443,"isBuy":true}
{"kind":"order","ts":1784661408862,"orderId":"72673350","owner":"0x8Cf67893C236963233023B56AC56A185B042866F","price":0.023324,"size":21443,"isBuy":false}
{"kind":"trade","ts":1784661408864,"orderId":"72673294","isBuy":false,"price":0.023318,"updatedSize":0,"filledSize":21443,"taker":"0x2b46C08Ca648e2334A1182D31228A79e2BEC1669","maker":"0x8Cf67893C236963233023B56AC56A185B042866F"}
{"kind":"order","ts":1784661408889,"orderId":"72673351","owner":"0xd0F8A6422CcdD812f29D8FB75CF5FCd41483BaDc","price":0.023307,"size":9917.3136908896,"isBuy":true}
{"kind":"order","ts":1784661408890,"orderId":"72673352","owner":"0xd0F8A6422CcdD812f29D8FB75CF5FCd41483BaDc","price":0.023299,"size":24793.284227224,"isBuy":true}
{"kind":"order","ts":1784661408890,"orderId":"72673353","owner":"0xd0F8A6422CcdD812f29D8FB75CF5FCd41483BaDc","price":0.023272,"size":247932.8422722401,"isBuy":true}
{"kind":"order","ts":1784661408890,"orderId":"72673354","owner":"0xd0F8A6422CcdD812f29D8FB75CF5FCd41483BaDc","price":0.023125,"size":495865.6845444802,"isBuy":true}
{"kind":"order","ts":1784661408893,"orderId":"72673355","owner":"0xd0F8A6422CcdD812f29D8FB75CF5FCd41483BaDc","price":0.023333,"size":9917.3136908896,"isBuy":false}
{"kind":"order","ts":1784661408893,"orderId":"72673356","owner":"0xd0F8A6422CcdD812f29D8FB75CF5FCd41483BaDc","price":0.023339,"size":24793.284227224,"isBuy":false}
{"kind":"order","ts":1784661408893,"orderId":"72673357","owner":"0xd0F8A6422CcdD812f29D8FB75CF5FCd41483BaDc","price":0.02336,"size":247932.8422722401,"isBuy":false}
{"kind":"order","ts":1784661408894,"orderId":"72673358","owner":"0xd0F8A6422CcdD812f29D8FB75CF5FCd41483BaDc","price":0.023473,"size":495865.6845444802,"isBuy":false}
{"kind":"order","ts":1784661408916,"orderId":"72673359","owner":"0x8Cf67893C236963233023B56AC56A185B042866F","price":0.023311,"size":21443,"isBuy":true}
{"kind":"order","ts":1784661408917,"orderId":"72673360","owner":"0x8Cf67893C236963233023B56AC56A185B042866F","price":0.023319,"size":21443,"isBuy":false}
{"kind":"order","ts":1784661409344,"orderId":"72673361","owner":"0x2b46C08Ca648e2334A1182D31228A79e2BEC1669","price":0.023316,"size":42876,"isBuy":true}
{"kind":"order","ts":1784661409344,"orderId":"72673362","owner":"0x2b46C08Ca648e2334A1182D31228A79e2BEC1669","price":0.023319,"size":42876,"isBuy":false}
{"kind":"order","ts":1784661409344,"orderId":"72673363","owner":"0x2b46C08Ca648e2334A1182D31228A79e2BEC1669","price":0.02331,"size":21438,"isBuy":true}
{"kind":"order","ts":1784661409344,"orderId":"72673364","owner":"0x2b46C08Ca648e2334A1182D31228A79e2BEC1669","price":0.023325,"size":21438,"isBuy":false}
{"kind":"order","ts":1784661411535,"orderId":"72673365","owner":"0xd0F8A6422CcdD812f29D8FB75CF5FCd41483BaDc","price":0.023301,"size":9917.3136908896,"isBuy":true}
{"kind":"order","ts":1784661411541,"orderId":"72673366","owner":"0xd0F8A6422CcdD812f29D8FB75CF5FCd41483BaDc","price":0.023293,"size":24793.284227224,"isBuy":true}
{"kind":"order","ts":1784661411542,"orderId":"72673367","owner":"0xd0F8A6422CcdD812f29D8FB75CF5FCd41483BaDc","price":0.023266,"size":247932.8422722401,"isBuy":true}
{"kind":"order","ts":1784661411542,"orderId":"72673368","owner":"0xd0F8A6422CcdD812f29D8FB75CF5FCd41483BaDc","price":0.023119,"size":495865.6845444802,"isBuy":true}
{"kind":"order","ts":1784661411542,"orderId":"72673369","owner":"0xd0F8A6422CcdD812f29D8FB75CF5FCd41483BaDc","price":0.023331,"size":9917.3136908896,"isBuy":false}
{"kind":"order","ts":1784661411542,"orderId":"72673370","owner":"0xd0F8A6422CcdD812f29D8FB75CF5FCd41483BaDc","price":0.023337,"size":24793.284227224,"isBuy":false}
{"kind":"order","ts":1784661411542,"orderId":"72673371","owner":"0xd0F8A6422CcdD812f29D8FB75CF5FCd41483BaDc","price":0.023357,"size":247932.8422722401,"isBuy":false}
{"kind":"order","ts":1784661411542,"orderId":"72673372","owner":"0xd0F8A6422CcdD812f29D8FB75CF5FCd41483BaDc","price":0.02347,"size":495865.6845444802,"isBuy":false}
{"kind":"order","ts":1784661411549,"orderId":"72673373","owner":"0xd0F8A6422CcdD812f29D8FB75CF5FCd41483BaDc","price":0.023301,"size":9917.3136908896,"isBuy":true}
{"kind":"order","ts":1784661411549,"orderId":"72673374","owner":"0xd0F8A6422CcdD812f29D8FB75CF5FCd41483BaDc","price":0.023293,"size":24793.284227224,"isBuy":true}
{"kind":"order","ts":1784661411549,"orderId":"72673375","owner":"0xd0F8A6422CcdD812f29D8FB75CF5FCd41483BaDc","price":0.023266,"size":247932.8422722401,"isBuy":true}
{"kind":"order","ts":1784661411549,"orderId":"72673376","owner":"0xd0F8A6422CcdD812f29D8FB75CF5FCd41483BaDc","price":0.023119,"size":495865.6845444802,"isBuy":true}
{"kind":"order","ts":1784661411549,"orderId":"72673377","owner":"0xd0F8A6422CcdD812f29D8FB75CF5FCd41483BaDc","price":0.023335,"size":9917.3136908896,"isBuy":false}
{"kind":"order","ts":1784661411549,"orderId":"72673378","owner":"0xd0F8A6422CcdD812f29D8FB75CF5FCd41483BaDc","price":0.023341,"size":24793.284227224,"isBuy":false}
{"kind":"order","ts":1784661411549,"orderId":"72673379","owner":"0xd0F8A6422CcdD812f29D8FB75CF5FCd41483BaDc","price":0.023361,"size":247932.8422722401,"isBuy":false}
{"kind":"order","ts":1784661411550,"orderId":"72673380","owner":"0xd0F8A6422CcdD812f29D8FB75CF5FCd41483BaDc","price":0.023474,"size":495865.6845444802,"isBuy":false}
{"kind":"order","ts":1784661411550,"orderId":"72673381","owner":"0x2b46C08Ca648e2334A1182D31228A79e2BEC1669","price":0.023313,"size":42881,"isBuy":true}
{"kind":"order","ts":1784661411550,"orderId":"72673382","owner":"0x2b46C08Ca648e2334A1182D31228A79e2BEC1669","price":0.023316,"size":42881,"isBuy":false}
{"kind":"order","ts":1784661411550,"orderId":"72673383","owner":"0x2b46C08Ca648e2334A1182D31228A79e2BEC1669","price":0.023307,"size":21440,"isBuy":true}
{"kind":"order","ts":1784661411550,"orderId":"72673384","owner":"0x2b46C08Ca648e2334A1182D31228A79e2BEC1669","price":0.023322,"size":21440,"isBuy":false}
{"kind":"order","ts":1784661411947,"orderId":"72673385","owner":"0xd0F8A6422CcdD812f29D8FB75CF5FCd41483BaDc","price":0.023311,"size":9918.3449656946,"isBuy":true}
{"kind":"order","ts":1784661411950,"orderId":"72673386","owner":"0xd0F8A6422CcdD812f29D8FB75CF5FCd41483BaDc","price":0.023303,"size":24795.8624142367,"isBuy":true}
{"kind":"order","ts":1784661411953,"orderId":"72673387","owner":"0xd0F8A6422CcdD812f29D8FB75CF5FCd41483BaDc","price":0.023276,"size":247958.624142367,"isBuy":true}
{"kind":"order","ts":1784661411953,"orderId":"72673388","owner":"0xd0F8A6422CcdD812f29D8FB75CF5FCd41483BaDc","price":0.023129,"size":495917.2482847341,"isBuy":true}
{"kind":"order","ts":1784661411964,"orderId":"72673389","owner":"0xd0F8A6422CcdD812f29D8FB75CF5FCd41483BaDc","price":0.023337,"size":9918.3449656946,"isBuy":false}
{"kind":"order","ts":1784661411966,"orderId":"72673390","owner":"0xd0F8A6422CcdD812f29D8FB75CF5FCd41483BaDc","price":0.023343,"size":24795.8624142367,"isBuy":false}
{"kind":"order","ts":1784661411966,"orderId":"72673391","owner":"0xd0F8A6422CcdD812f29D8FB75CF5FCd41483BaDc","price":0.023363,"size":247958.624142367,"isBuy":false}
{"kind":"order","ts":1784661411979,"orderId":"72673392","owner":"0xd0F8A6422CcdD812f29D8FB75CF5FCd41483BaDc","price":0.023476,"size":495917.2482847341,"isBuy":false}
{"kind":"order","ts":1784661412343,"orderId":"72673393","owner":"0x2b46C08Ca648e2334A1182D31228A79e2BEC1669","price":0.023314,"size":42881,"isBuy":true}
{"kind":"order","ts":1784661412344,"orderId":"72673394","owner":"0x2b46C08Ca648e2334A1182D31228A79e2BEC1669","price":0.023316,"size":42881,"isBuy":false}
{"kind":"trade","ts":1784661412344,"orderId":"72673360","isBuy":true,"price":0.023319,"updatedSize":21057.2622325143,"filledSize":385.7377674857,"taker":"0xd651346d7c789536ebf06dc72aE3C8502cd695CC","maker":"0x8Cf67893C236963233023B56AC56A185B042866F"}
{"kind":"order","ts":1784661414358,"orderId":"72673395","owner":"0x2b46C08Ca648e2334A1182D31228A79e2BEC1669","price":0.023314,"size":42881,"isBuy":true}
{"kind":"order","ts":1784661414368,"orderId":"72673396","owner":"0x2b46C08Ca648e2334A1182D31228A79e2BEC1669","price":0.023316,"size":42881,"isBuy":false}
{"kind":"order","ts":1784661416791,"orderId":"72673397","owner":"0x2b46C08Ca648e2334A1182D31228A79e2BEC1669","price":0.023315,"size":42879,"isBuy":true}
{"kind":"order","ts":1784661416795,"orderId":"72673398","owner":"0x2b46C08Ca648e2334A1182D31228A79e2BEC1669","price":0.023318,"size":42879,"isBuy":false}
{"kind":"order","ts":1784661416800,"orderId":"72673399","owner":"0x2b46C08Ca648e2334A1182D31228A79e2BEC1669","price":0.023309,"size":21439,"isBuy":true}
{"kind":"order","ts":1784661416800,"orderId":"72673400","owner":"0x2b46C08Ca648e2334A1182D31228A79e2BEC1669","price":0.023324,"size":21439,"isBuy":false}
{"kind":"order","ts":1784661418875,"orderId":"72673401","owner":"0x2b46C08Ca648e2334A1182D31228A79e2BEC1669","price":0.023315,"size":42879,"isBuy":true}
{"kind":"order","ts":1784661418876,"orderId":"72673402","owner":"0x2b46C08Ca648e2334A1182D31228A79e2BEC1669","price":0.023318,"size":42879,"isBuy":false}
{"kind":"order","ts":1784661420835,"orderId":"72673403","owner":"0xd0F8A6422CcdD812f29D8FB75CF5FCd41483BaDc","price":0.023299,"size":9919.3766811065,"isBuy":true}
{"kind":"order","ts":1784661420847,"orderId":"72673404","owner":"0xd0F8A6422CcdD812f29D8FB75CF5FCd41483BaDc","price":0.023291,"size":24798.4417027664,"isBuy":true}
{"kind":"order","ts":1784661420848,"orderId":"72673405","owner":"0xd0F8A6422CcdD812f29D8FB75CF5FCd41483BaDc","price":0.023264,"size":247984.4170276645,"isBuy":true}
{"kind":"order","ts":1784661420848,"orderId":"72673406","owner":"0xd0F8A6422CcdD812f29D8FB75CF5FCd41483BaDc","price":0.023117,"size":495968.834055329,"isBuy":true}
{"kind":"order","ts":1784661420855,"orderId":"72673407","owner":"0xd0F8A6422CcdD812f29D8FB75CF5FCd41483BaDc","price":0.023342,"size":9919.3766811065,"isBuy":false}
{"kind":"order","ts":1784661420856,"orderId":"72673408","owner":"0xd0F8A6422CcdD812f29D8FB75CF5FCd41483BaDc","price":0.023348,"size":24798.4417027664,"isBuy":false}
{"kind":"order","ts":1784661420857,"orderId":"72673409","owner":"0xd0F8A6422CcdD812f29D8FB75CF5FCd41483BaDc","price":0.023368,"size":247984.4170276645,"isBuy":false}
{"kind":"order","ts":1784661420869,"orderId":"72673410","owner":"0xd0F8A6422CcdD812f29D8FB75CF5FCd41483BaDc","price":0.023481,"size":495968.834055329,"isBuy":false}
{"kind":"order","ts":1784661420870,"orderId":"72673411","owner":"0x2b46C08Ca648e2334A1182D31228A79e2BEC1669","price":0.023307,"size":42893,"isBuy":true}
{"kind":"order","ts":1784661420870,"orderId":"72673412","owner":"0x2b46C08Ca648e2334A1182D31228A79e2BEC1669","price":0.02331,"size":21450,"isBuy":false}
{"kind":"order","ts":1784661420881,"orderId":"72673413","owner":"0x2b46C08Ca648e2334A1182D31228A79e2BEC1669","price":0.023301,"size":21446,"isBuy":true}
{"kind":"order","ts":1784661420881,"orderId":"72673414","owner":"0x2b46C08Ca648e2334A1182D31228A79e2BEC1669","price":0.023316,"size":21446,"isBuy":false}
{"kind":"order","ts":1784661420881,"orderId":"72673415","owner":"0x8Cf67893C236963233023B56AC56A185B042866F","price":0.023307,"size":21434,"isBuy":true}
{"kind":"order","ts":1784661420897,"orderId":"72673416","owner":"0x8Cf67893C236963233023B56AC56A185B042866F","price":0.023315,"size":21434,"isBuy":false}
{"kind":"trade","ts":1784661420897,"orderId":"72673359","isBuy":false,"price":0.023311,"updatedSize":0,"filledSize":21443,"taker":"0x2b46C08Ca648e2334A1182D31228A79e2BEC1669","maker":"0x8Cf67893C236963233023B56AC56A185B042866F"}
{"kind":"order","ts":1784661421199,"orderId":"72673417","owner":"0xd0F8A6422CcdD812f29D8FB75CF5FCd41483BaDc","price":0.023299,"size":9917.3136908896,"isBuy":true}
{"kind":"order","ts":1784661421202,"orderId":"72673418","owner":"0xd0F8A6422CcdD812f29D8FB75CF5FCd41483BaDc","price":0.023291,"size":24793.284227224,"isBuy":true}
{"kind":"order","ts":1784661421202,"orderId":"72673419","owner":"0xd0F8A6422CcdD812f29D8FB75CF5FCd41483BaDc","price":0.023264,"size":247932.8422722401,"isBuy":true}
{"kind":"order","ts":1784661421202,"orderId":"72673420","owner":"0xd0F8A6422CcdD812f29D8FB75CF5FCd41483BaDc","price":0.023117,"size":495865.6845444802,"isBuy":true}
{"kind":"order","ts":1784661421214,"orderId":"72673421","owner":"0xd0F8A6422CcdD812f29D8FB75CF5FCd41483BaDc","price":0.023331,"size":9917.3136908896,"isBuy":false}
{"kind":"order","ts":1784661421214,"orderId":"72673422","owner":"0xd0F8A6422CcdD812f29D8FB75CF5FCd41483BaDc","price":0.023337,"size":24793.284227224,"isBuy":false}
{"kind":"order","ts":1784661421214,"orderId":"72673423","owner":"0xd0F8A6422CcdD812f29D8FB75CF5FCd41483BaDc","price":0.023358,"size":247932.8422722401,"isBuy":false}
{"kind":"order","ts":1784661421230,"orderId":"72673424","owner":"0xd0F8A6422CcdD812f29D8FB75CF5FCd41483BaDc","price":0.023471,"size":495865.6845444802,"isBuy":false}
{"kind":"order","ts":1784661421713,"orderId":"72673425","owner":"0x2b46C08Ca648e2334A1182D31228A79e2BEC1669","price":0.02331,"size":42890,"isBuy":true}
{"kind":"order","ts":1784661421716,"orderId":"72673426","owner":"0x2b46C08Ca648e2334A1182D31228A79e2BEC1669","price":0.023312,"size":42890,"isBuy":false}
{"kind":"order","ts":1784661421716,"orderId":"72673427","owner":"0x2b46C08Ca648e2334A1182D31228A79e2BEC1669","price":0.023303,"size":21445,"isBuy":true}
{"kind":"order","ts":1784661421717,"orderId":"72673428","owner":"0x2b46C08Ca648e2334A1182D31228A79e2BEC1669","price":0.023318,"size":21445,"isBuy":false}
{"kind":"order","ts":1784661421717,"orderId":"72673429","owner":"0x8Cf67893C236963233023B56AC56A185B042866F","price":0.023302,"size":21434,"isBuy":true}
{"kind":"order","ts":1784661421717,"orderId":"72673430","owner":"0x8Cf67893C236963233023B56AC56A185B042866F","price":0.023312,"size":21434,"isBuy":false}
{"kind":"order","ts":1784661422799,"orderId":"72673431","owner":"0x8Cf67893C236963233023B56AC56A185B042866F","price":0.02331,"size":21434,"isBuy":false}
{"kind":"order","ts":1784661423281,"orderId":"72673432","owner":"0x8Cf67893C236963233023B56AC56A185B042866F","price":0.023299,"size":21434,"isBuy":true}
{"kind":"order","ts":1784661423659,"orderId":"72673433","owner":"0x2b46C08Ca648e2334A1182D31228A79e2BEC1669","price":0.023309,"size":42891,"isBuy":true}
{"kind":"order","ts":1784661423661,"orderId":"72673434","owner":"0x2b46C08Ca648e2334A1182D31228A79e2BEC1669","price":0.023312,"size":42891,"isBuy":false}
{"kind":"order","ts":1784661423661,"orderId":"72673435","owner":"0x8Cf67893C236963233023B56AC56A185B042866F","price":0.023301,"size":21434,"isBuy":true}
{"kind":"order","ts":1784661425653,"orderId":"72673436","owner":"0x2b46C08Ca648e2334A1182D31228A79e2BEC1669","price":0.023309,"size":42891,"isBuy":true}
{"kind":"order","ts":1784661425653,"orderId":"72673437","owner":"0x2b46C08Ca648e2334A1182D31228A79e2BEC1669","price":0.023312,"size":42891,"isBuy":false}
{"kind":"order","ts":1784661427599,"orderId":"72673438","owner":"0x2b46C08Ca648e2334A1182D31228A79e2BEC1669","price":0.023309,"size":42891,"isBuy":true}
{"kind":"order","ts":1784661427603,"orderId":"72673439","owner":"0x2b46C08Ca648e2334A1182D31228A79e2BEC1669","price":0.023312,"size":42891,"isBuy":false}
{"kind":"order","ts":1784661429781,"orderId":"72673440","owner":"0x2b46C08Ca648e2334A1182D31228A79e2BEC1669","price":0.023309,"size":42891,"isBuy":true}
{"kind":"order","ts":1784661429782,"orderId":"72673441","owner":"0x2b46C08Ca648e2334A1182D31228A79e2BEC1669","price":0.023312,"size":42891,"isBuy":false}
{"kind":"order","ts":1784661430022,"orderId":"72673442","owner":"0xd0F8A6422CcdD812f29D8FB75CF5FCd41483BaDc","price":0.023297,"size":9919.3766811065,"isBuy":true}
{"kind":"order","ts":1784661430027,"orderId":"72673443","owner":"0xd0F8A6422CcdD812f29D8FB75CF5FCd41483BaDc","price":0.023289,"size":24798.4417027664,"isBuy":true}
{"kind":"order","ts":1784661430027,"orderId":"72673444","owner":"0xd0F8A6422CcdD812f29D8FB75CF5FCd41483BaDc","price":0.023262,"size":247984.4170276645,"isBuy":true}
{"kind":"order","ts":1784661430027,"orderId":"72673445","owner":"0xd0F8A6422CcdD812f29D8FB75CF5FCd41483BaDc","price":0.023115,"size":495968.834055329,"isBuy":true}
{"kind":"order","ts":1784661430040,"orderId":"72673446","owner":"0xd0F8A6422CcdD812f29D8FB75CF5FCd41483BaDc","price":0.023324,"size":9919.3766811065,"isBuy":false}
{"kind":"order","ts":1784661430040,"orderId":"72673447","owner":"0xd0F8A6422CcdD812f29D8FB75CF5FCd41483BaDc","price":0.02333,"size":24798.4417027664,"isBuy":false}
{"kind":"order","ts":1784661430041,"orderId":"72673448","owner":"0xd0F8A6422CcdD812f29D8FB75CF5FCd41483BaDc","price":0.02335,"size":247984.4170276645,"isBuy":false}
{"kind":"order","ts":1784661430054,"orderId":"72673449","owner":"0xd0F8A6422CcdD812f29D8FB75CF5FCd41483BaDc","price":0.023463,"size":495968.834055329,"isBuy":false}
{"kind":"order","ts":1784661430054,"orderId":"72673450","owner":"0x8Cf67893C236963233023B56AC56A185B042866F","price":0.023295,"size":21434,"isBuy":true}
{"kind":"order","ts":1784661432025,"orderId":"72673451","owner":"0x2b46C08Ca648e2334A1182D31228A79e2BEC1669","price":0.023307,"size":42894,"isBuy":true}
{"kind":"order","ts":1784661432028,"orderId":"72673452","owner":"0x2b46C08Ca648e2334A1182D31228A79e2BEC1669","price":0.02331,"size":42894,"isBuy":false}
{"kind":"order","ts":1784661432028,"orderId":"72673453","owner":"0x2b46C08Ca648e2334A1182D31228A79e2BEC1669","price":0.023301,"size":21447,"isBuy":true}
{"kind":"order","ts":1784661432028,"orderId":"72673454","owner":"0x2b46C08Ca648e2334A1182D31228A79e2BEC1669","price":0.023316,"size":21447,"isBuy":false}
{"kind":"order","ts":1784661433222,"orderId":"72673455","owner":"0x8Cf67893C236963233023B56AC56A185B042866F","price":0.023303,"size":21443,"isBuy":false}
{"kind":"order","ts":1784661433692,"orderId":"72673456","owner":"0x8Cf67893C236963233023B56AC56A185B042866F","price":0.023297,"size":21443,"isBuy":true}
{"kind":"order","ts":1784661433692,"orderId":"72673457","owner":"0x8Cf67893C236963233023B56AC56A185B042866F","price":0.023305,"size":21443,"isBuy":false}
{"kind":"trade","ts":1784661433693,"orderId":"72673455","isBuy":true,"price":0.023303,"updatedSize":15450.7550529975,"filledSize":5992.2449470025,"taker":"0x1c1823f6021E5Cf930B8223305321042a5a2BB0e","maker":"0x8Cf67893C236963233023B56AC56A185B042866F"}
{"kind":"order","ts":1784661434021,"orderId":"72673458","owner":"0x2b46C08Ca648e2334A1182D31228A79e2BEC1669","price":0.023307,"size":21451,"isBuy":true}
{"kind":"order","ts":1784661434025,"orderId":"72673459","owner":"0x2b46C08Ca648e2334A1182D31228A79e2BEC1669","price":0.02331,"size":42894,"isBuy":false}
{"kind":"trade","ts":1784661434027,"orderId":"72673457","isBuy":true,"price":0.023305,"updatedSize":0,"filledSize":21443,"taker":"0x2b46C08Ca648e2334A1182D31228A79e2BEC1669","maker":"0x8Cf67893C236963233023B56AC56A185B042866F"}
{"kind":"order","ts":1784661434433,"orderId":"72673460","owner":"0x8Cf67893C236963233023B56AC56A185B042866F","price":0.023305,"size":21443,"isBuy":false}
{"kind":"order","ts":1784661434880,"orderId":"72673461","owner":"0x8Cf67893C236963233023B56AC56A185B042866F","price":0.023299,"size":21443,"isBuy":true}
{"kind":"order","ts":1784661434881,"orderId":"72673462","owner":"0x8Cf67893C236963233023B56AC56A185B042866F","price":0.023307,"size":21443,"isBuy":false}
{"kind":"order","ts":1784661436246,"orderId":"72673463","owner":"0x2b46C08Ca648e2334A1182D31228A79e2BEC1669","price":0.023307,"size":21451,"isBuy":true}
{"kind":"order","ts":1784661436248,"orderId":"72673464","owner":"0x2b46C08Ca648e2334A1182D31228A79e2BEC1669","price":0.023309,"size":42894,"isBuy":false}
{"kind":"trade","ts":1784661436251,"orderId":"72673462","isBuy":true,"price":0.023307,"updatedSize":0,"filledSize":21443,"taker":"0x2b46C08Ca648e2334A1182D31228A79e2BEC1669","maker":"0x8Cf67893C236963233023B56AC56A185B042866F"}
{"kind":"order","ts":1784661436935,"orderId":"72673465","owner":"0x8Cf67893C236963233023B56AC56A185B042866F","price":0.023306,"size":21443,"isBuy":false}
{"kind":"order","ts":1784661438064,"orderId":"72673466","owner":"0x2b46C08Ca648e2334A1182D31228A79e2BEC1669","price":0.023306,"size":21450,"isBuy":true}
{"kind":"order","ts":1784661438066,"orderId":"72673467","owner":"0x2b46C08Ca648e2334A1182D31228A79e2BEC1669","price":0.02331,"size":42893,"isBuy":false}
{"kind":"order","ts":1784661438066,"orderId":"72673468","owner":"0x2b46C08Ca648e2334A1182D31228A79e2BEC1669","price":0.0233,"size":21446,"isBuy":true}
{"kind":"order","ts":1784661438066,"orderId":"72673469","owner":"0x2b46C08Ca648e2334A1182D31228A79e2BEC1669","price":0.023315,"size":21446,"isBuy":false}
{"kind":"trade","ts":1784661438075,"orderId":"72673465","isBuy":true,"price":0.023306,"updatedSize":0,"filledSize":21443,"taker":"0x2b46C08Ca648e2334A1182D31228A79e2BEC1669","maker":"0x8Cf67893C236963233023B56AC56A185B042866F"}
{"kind":"order","ts":1784661438454,"orderId":"72673470","owner":"0x8Cf67893C236963233023B56AC56A185B042866F","price":0.023307,"size":21443,"isBuy":false}
{"kind":"order","ts":1784661438856,"orderId":"72673471","owner":"0x8Cf67893C236963233023B56AC56A185B042866F","price":0.023301,"size":21443,"isBuy":true}
{"kind":"order","ts":1784661438856,"orderId":"72673472","owner":"0x8Cf67893C236963233023B56AC56A185B042866F","price":0.023309,"size":21443,"isBuy":false}
{"kind":"order","ts":1784661440043,"orderId":"72673473","owner":"0x2b46C08Ca648e2334A1182D31228A79e2BEC1669","price":0.023306,"size":42893,"isBuy":true}
{"kind":"order","ts":1784661440044,"orderId":"72673474","owner":"0x2b46C08Ca648e2334A1182D31228A79e2BEC1669","price":0.02331,"size":42893,"isBuy":false}
{"kind":"order","ts":1784661442076,"orderId":"72673475","owner":"0x2b46C08Ca648e2334A1182D31228A79e2BEC1669","price":0.023306,"size":42893,"isBuy":true}
{"kind":"order","ts":1784661442081,"orderId":"72673476","owner":"0x2b46C08Ca648e2334A1182D31228A79e2BEC1669","price":0.023309,"size":42893,"isBuy":false}
{"kind":"order","ts":1784661442081,"orderId":"72673477","owner":"0x2b46C08Ca648e2334A1182D31228A79e2BEC1669","price":0.0233,"size":21446,"isBuy":true}
{"kind":"order","ts":1784661442081,"orderId":"72673478","owner":"0x2b46C08Ca648e2334A1182D31228A79e2BEC1669","price":0.023314,"size":21446,"isBuy":false}
{"kind":"order","ts":1784661444533,"orderId":"72673479","owner":"0x2b46C08Ca648e2334A1182D31228A79e2BEC1669","price":0.023306,"size":42893,"isBuy":true}
{"kind":"order","ts":1784661444534,"orderId":"72673480","owner":"0x2b46C08Ca648e2334A1182D31228A79e2BEC1669","price":0.023308,"size":42893,"isBuy":false}
{"kind":"order","ts":1784661444534,"orderId":"72673481","owner":"0x2b46C08Ca648e2334A1182D31228A79e2BEC1669","price":0.0233,"size":21446,"isBuy":true}
{"kind":"order","ts":1784661444535,"orderId":"72673482","owner":"0x2b46C08Ca648e2334A1182D31228A79e2BEC1669","price":0.023314,"size":21446,"isBuy":false}
{"kind":"order","ts":1784661446486,"orderId":"72673483","owner":"0x2b46C08Ca648e2334A1182D31228A79e2BEC1669","price":0.023306,"size":42893,"isBuy":true}
{"kind":"order","ts":1784661446489,"orderId":"72673484","owner":"0x2b46C08Ca648e2334A1182D31228A79e2BEC1669","price":0.023309,"size":42893,"isBuy":false}
{"kind":"order","ts":1784661446489,"orderId":"72673485","owner":"0x2b46C08Ca648e2334A1182D31228A79e2BEC1669","price":0.023315,"size":21446,"isBuy":false}
{"kind":"order","ts":1784661447067,"orderId":"72673486","owner":"0x8Cf67893C236963233023B56AC56A185B042866F","price":0.023304,"size":21443,"isBuy":true}
{"kind":"order","ts":1784661447069,"orderId":"72673487","owner":"0x8Cf67893C236963233023B56AC56A185B042866F","price":0.023312,"size":21443,"isBuy":false}
{"kind":"order","ts":1784661448559,"orderId":"72673488","owner":"0x2b46C08Ca648e2334A1182D31228A79e2BEC1669","price":0.023306,"size":42893,"isBuy":true}
{"kind":"order","ts":1784661448559,"orderId":"72673489","owner":"0x2b46C08Ca648e2334A1182D31228A79e2BEC1669","price":0.023309,"size":42893,"isBuy":false}
{"kind":"order","ts":1784661450540,"orderId":"72673490","owner":"0x2b46C08Ca648e2334A1182D31228A79e2BEC1669","price":0.023306,"size":42893,"isBuy":true}
{"kind":"order","ts":1784661450540,"orderId":"72673491","owner":"0x2b46C08Ca648e2334A1182D31228A79e2BEC1669","price":0.023309,"size":42893,"isBuy":false}
{"kind":"order","ts":1784661451383,"orderId":"72673492","owner":"0x8Cf67893C236963233023B56AC56A185B042866F","price":0.023301,"size":21443,"isBuy":true}
{"kind":"order","ts":1784661451385,"orderId":"72673493","owner":"0x8Cf67893C236963233023B56AC56A185B042866F","price":0.023309,"size":21443,"isBuy":false}
{"kind":"order","ts":1784661452512,"orderId":"72673494","owner":"0x2b46C08Ca648e2334A1182D31228A79e2BEC1669","price":0.023306,"size":42892,"isBuy":true}
{"kind":"order","ts":1784661452512,"orderId":"72673495","owner":"0x2b46C08Ca648e2334A1182D31228A79e2BEC1669","price":0.023309,"size":42892,"isBuy":false}
{"kind":"order","ts":1784661454511,"orderId":"72673496","owner":"0x2b46C08Ca648e2334A1182D31228A79e2BEC1669","price":0.023306,"size":42892,"isBuy":true}
{"kind":"order","ts":1784661454514,"orderId":"72673497","owner":"0x2b46C08Ca648e2334A1182D31228A79e2BEC1669","price":0.023309,"size":42892,"isBuy":false}
{"kind":"order","ts":1784661456806,"orderId":"72673498","owner":"0x2b46C08Ca648e2334A1182D31228A79e2BEC1669","price":0.023306,"size":42892,"isBuy":true}
{"kind":"order","ts":1784661456806,"orderId":"72673499","owner":"0x2b46C08Ca648e2334A1182D31228A79e2BEC1669","price":0.023309,"size":42892,"isBuy":false}
{"kind":"order","ts":1784661459814,"orderId":"72673500","owner":"0x2b46C08Ca648e2334A1182D31228A79e2BEC1669","price":0.023305,"size":42893,"isBuy":true}
{"kind":"order","ts":1784661459818,"orderId":"72673501","owner":"0x2b46C08Ca648e2334A1182D31228A79e2BEC1669","price":0.023308,"size":42893,"isBuy":false}
{"kind":"order","ts":1784661459822,"orderId":"72673502","owner":"0x2b46C08Ca648e2334A1182D31228A79e2BEC1669","price":0.023299,"size":21446,"isBuy":true}
{"kind":"order","ts":1784661459823,"orderId":"72673503","owner":"0x2b46C08Ca648e2334A1182D31228A79e2BEC1669","price":0.023314,"size":21446,"isBuy":false}
{"kind":"order","ts":1784661462149,"orderId":"72673504","owner":"0x2b46C08Ca648e2334A1182D31228A79e2BEC1669","price":0.023305,"size":42893,"isBuy":true}
{"kind":"order","ts":1784661462151,"orderId":"72673505","owner":"0x2b46C08Ca648e2334A1182D31228A79e2BEC1669","price":0.023308,"size":42893,"isBuy":false}
{"kind":"order","ts":1784661464216,"orderId":"72673506","owner":"0x2b46C08Ca648e2334A1182D31228A79e2BEC1669","price":0.023305,"size":42893,"isBuy":true}
{"kind":"order","ts":1784661464217,"orderId":"72673507","owner":"0x2b46C08Ca648e2334A1182D31228A79e2BEC1669","price":0.023308,"size":42893,"isBuy":false}
{"kind":"order","ts":1784661466239,"orderId":"72673508","owner":"0x2b46C08Ca648e2334A1182D31228A79e2BEC1669","price":0.023305,"size":42893,"isBuy":true}
{"kind":"order","ts":1784661466240,"orderId":"72673509","owner":"0x2b46C08Ca648e2334A1182D31228A79e2BEC1669","price":0.023308,"size":42893,"isBuy":false}
{"kind":"order","ts":1784661468209,"orderId":"72673510","owner":"0x2b46C08Ca648e2334A1182D31228A79e2BEC1669","price":0.023305,"size":42893,"isBuy":true}
{"kind":"order","ts":1784661468211,"orderId":"72673511","owner":"0x2b46C08Ca648e2334A1182D31228A79e2BEC1669","price":0.023308,"size":42893,"isBuy":false}
{"kind":"order","ts":1784661472998,"orderId":"72673512","owner":"0xd0F8A6422CcdD812f29D8FB75CF5FCd41483BaDc","price":0.023297,"size":9921.441443467,"isBuy":true}
{"kind":"order","ts":1784661472998,"orderId":"72673513","owner":"0xd0F8A6422CcdD812f29D8FB75CF5FCd41483BaDc","price":0.023289,"size":24803.6036086676,"isBuy":true}
{"kind":"order","ts":1784661472998,"orderId":"72673514","owner":"0xd0F8A6422CcdD812f29D8FB75CF5FCd41483BaDc","price":0.023262,"size":248036.0360866766,"isBuy":true}
{"kind":"order","ts":1784661472999,"orderId":"72673515","owner":"0xd0F8A6422CcdD812f29D8FB75CF5FCd41483BaDc","price":0.023115,"size":496072.0721733533,"isBuy":true}
{"kind":"order","ts":1784661473012,"orderId":"72673516","owner":"0xd0F8A6422CcdD812f29D8FB75CF5FCd41483BaDc","price":0.023309,"size":9921.441443467,"isBuy":false}
{"kind":"order","ts":1784661473012,"orderId":"72673517","owner":"0xd0F8A6422CcdD812f29D8FB75CF5FCd41483BaDc","price":0.023315,"size":24803.6036086676,"isBuy":false}
{"kind":"order","ts":1784661473012,"orderId":"72673518","owner":"0xd0F8A6422CcdD812f29D8FB75CF5FCd41483BaDc","price":0.023335,"size":248036.0360866766,"isBuy":false}
{"kind":"order","ts":1784661473028,"orderId":"72673519","owner":"0xd0F8A6422CcdD812f29D8FB75CF5FCd41483BaDc","price":0.023448,"size":496072.0721733533,"isBuy":false}
{"kind":"order","ts":1784661474200,"orderId":"72673520","owner":"0xd0F8A6422CcdD812f29D8FB75CF5FCd41483BaDc","price":0.023297,"size":9921.441443467,"isBuy":true}
{"kind":"order","ts":1784661474200,"orderId":"72673521","owner":"0xd0F8A6422CcdD812f29D8FB75CF5FCd41483BaDc","price":0.023289,"size":24803.6036086676,"isBuy":true}
{"kind":"order","ts":1784661474200,"orderId":"72673522","owner":"0xd0F8A6422CcdD812f29D8FB75CF5FCd41483BaDc","price":0.023262,"size":248036.0360866766,"isBuy":true}
{"kind":"order","ts":1784661474200,"orderId":"72673523","owner":"0xd0F8A6422CcdD812f29D8FB75CF5FCd41483BaDc","price":0.023115,"size":496072.0721733533,"isBuy":true}
{"kind":"order","ts":1784661474214,"orderId":"72673524","owner":"0xd0F8A6422CcdD812f29D8FB75CF5FCd41483BaDc","price":0.02332,"size":9921.441443467,"isBuy":false}
{"kind":"order","ts":1784661474214,"orderId":"72673525","owner":"0xd0F8A6422CcdD812f29D8FB75CF5FCd41483BaDc","price":0.023326,"size":24803.6036086676,"isBuy":false}
{"kind":"order","ts":1784661474214,"orderId":"72673526","owner":"0xd0F8A6422CcdD812f29D8FB75CF5FCd41483BaDc","price":0.023347,"size":248036.0360866766,"isBuy":false}
{"kind":"order","ts":1784661474228,"orderId":"72673527","owner":"0xd0F8A6422CcdD812f29D8FB75CF5FCd41483BaDc","price":0.02346,"size":496072.0721733533,"isBuy":false}
{"kind":"order","ts":1784661474228,"orderId":"72673528","owner":"0x2b46C08Ca648e2334A1182D31228A79e2BEC1669","price":0.023303,"size":42897,"isBuy":true}
{"kind":"order","ts":1784661474228,"orderId":"72673529","owner":"0x2b46C08Ca648e2334A1182D31228A79e2BEC1669","price":0.023306,"size":42897,"isBuy":false}
{"kind":"order","ts":1784661474243,"orderId":"72673530","owner":"0x2b46C08Ca648e2334A1182D31228A79e2BEC1669","price":0.023297,"size":21448,"isBuy":true}
{"kind":"order","ts":1784661474243,"orderId":"72673531","owner":"0x2b46C08Ca648e2334A1182D31228A79e2BEC1669","price":0.023312,"size":21448,"isBuy":false}
{"kind":"order","ts":1784661475005,"orderId":"72673532","owner":"0xd0F8A6422CcdD812f29D8FB75CF5FCd41483BaDc","price":0.023299,"size":9920.4088408408,"isBuy":true}
{"kind":"order","ts":1784661475007,"orderId":"72673533","owner":"0xd0F8A6422CcdD812f29D8FB75CF5FCd41483BaDc","price":0.023291,"size":24801.0221021021,"isBuy":true}
{"kind":"order","ts":1784661475007,"orderId":"72673534","owner":"0xd0F8A6422CcdD812f29D8FB75CF5FCd41483BaDc","price":0.023264,"size":248010.221021021,"isBuy":true}
{"kind":"order","ts":1784661475007,"orderId":"72673535","owner":"0xd0F8A6422CcdD812f29D8FB75CF5FCd41483BaDc","price":0.023117,"size":496020.442042042,"isBuy":true}
{"kind":"order","ts":1784661475023,"orderId":"72673536","owner":"0xd0F8A6422CcdD812f29D8FB75CF5FCd41483BaDc","price":0.023327,"size":9920.4088408408,"isBuy":false}
{"kind":"order","ts":1784661475024,"orderId":"72673537","owner":"0xd0F8A6422CcdD812f29D8FB75CF5FCd41483BaDc","price":0.023333,"size":24801.0221021021,"isBuy":false}
{"kind":"order","ts":1784661475024,"orderId":"72673538","owner":"0xd0F8A6422CcdD812f29D8FB75CF5FCd41483BaDc","price":0.023353,"size":248010.221021021,"isBuy":false}
{"kind":"order","ts":1784661475036,"orderId":"72673539","owner":"0xd0F8A6422CcdD812f29D8FB75CF5FCd41483BaDc","price":0.023466,"size":496020.442042042,"isBuy":false}
{"kind":"order","ts":1784661475038,"orderId":"72673540","owner":"0x2b46C08Ca648e2334A1182D31228A79e2BEC1669","price":0.023307,"size":42890,"isBuy":true}
{"kind":"order","ts":1784661475038,"orderId":"72673541","owner":"0x2b46C08Ca648e2334A1182D31228A79e2BEC1669","price":0.02331,"size":42890,"isBuy":false}
{"kind":"order","ts":1784661475051,"orderId":"72673542","owner":"0x2b46C08Ca648e2334A1182D31228A79e2BEC1669","price":0.023301,"size":21445,"isBuy":true}
{"kind":"order","ts":1784661475051,"orderId":"72673543","owner":"0x2b46C08Ca648e2334A1182D31228A79e2BEC1669","price":0.023316,"size":21445,"isBuy":false}
{"kind":"order","ts":1784661476989,"orderId":"72673544","owner":"0x2b46C08Ca648e2334A1182D31228A79e2BEC1669","price":0.023308,"size":42889,"isBuy":true}
{"kind":"order","ts":1784661476991,"orderId":"72673545","owner":"0x2b46C08Ca648e2334A1182D31228A79e2BEC1669","price":0.02331,"size":42889,"isBuy":false}
{"kind":"order","ts":1784661479438,"orderId":"72673546","owner":"0x2b46C08Ca648e2334A1182D31228A79e2BEC1669","price":0.023308,"size":42889,"isBuy":true}
{"kind":"order","ts":1784661479439,"orderId":"72673547","owner":"0x2b46C08Ca648e2334A1182D31228A79e2BEC1669","price":0.02331,"size":42889,"isBuy":false}
{"kind":"order","ts":1784661479439,"orderId":"72673548","owner":"0x2b46C08Ca648e2334A1182D31228A79e2BEC1669","price":0.023301,"size":21444,"isBuy":true}
{"kind":"order","ts":1784661479439,"orderId":"72673549","owner":"0x2b46C08Ca648e2334A1182D31228A79e2BEC1669","price":0.023316,"size":21444,"isBuy":false}
{"kind":"order","ts":1784661480417,"orderId":"72673550","owner":"0x8Cf67893C236963233023B56AC56A185B042866F","price":0.023299,"size":21443,"isBuy":true}
{"kind":"order","ts":1784661480418,"orderId":"72673551","owner":"0x8Cf67893C236963233023B56AC56A185B042866F","price":0.023307,"size":21443,"isBuy":false}
{"kind":"order","ts":1784661481658,"orderId":"72673552","owner":"0x2b46C08Ca648e2334A1182D31228A79e2BEC1669","price":0.023307,"size":21448,"isBuy":true}
{"kind":"order","ts":1784661481659,"orderId":"72673553","owner":"0x2b46C08Ca648e2334A1182D31228A79e2BEC1669","price":0.023309,"size":42891,"isBuy":false}
{"kind":"order","ts":1784661481659,"orderId":"72673554","owner":"0x2b46C08Ca648e2334A1182D31228A79e2BEC1669","price":0.0233,"size":21445,"isBuy":true}
{"kind":"order","ts":1784661481659,"orderId":"72673555","owner":"0x2b46C08Ca648e2334A1182D31228A79e2BEC1669","price":0.023315,"size":21445,"isBuy":false}
{"kind":"trade","ts":1784661481659,"orderId":"72673551","isBuy":true,"price":0.023307,"updatedSize":0,"filledSize":21443,"taker":"0x2b46C08Ca648e2334A1182D31228A79e2BEC1669","maker":"0x8Cf67893C236963233023B56AC56A185B042866F"}
{"kind":"order","ts":1784661481869,"orderId":"72673556","owner":"0xd0F8A6422CcdD812f29D8FB75CF5FCd41483BaDc","price":0.023297,"size":9921.441443467,"isBuy":true}
{"kind":"order","ts":1784661481870,"orderId":"72673557","owner":"0xd0F8A6422CcdD812f29D8FB75CF5FCd41483BaDc","price":0.023289,"size":24803.6036086676,"isBuy":true}
{"kind":"order","ts":1784661481870,"orderId":"72673558","owner":"0xd0F8A6422CcdD812f29D8FB75CF5FCd41483BaDc","price":0.023262,"size":248036.0360866766,"isBuy":true}
{"kind":"order","ts":1784661481870,"orderId":"72673559","owner":"0xd0F8A6422CcdD812f29D8FB75CF5FCd41483BaDc","price":0.023115,"size":496072.0721733533,"isBuy":true}
{"kind":"order","ts":1784661481884,"orderId":"72673560","owner":"0xd0F8A6422CcdD812f29D8FB75CF5FCd41483BaDc","price":0.02332,"size":9921.441443467,"isBuy":false}
{"kind":"order","ts":1784661481884,"orderId":"72673561","owner":"0xd0F8A6422CcdD812f29D8FB75CF5FCd41483BaDc","price":0.023326,"size":24803.6036086676,"isBuy":false}
{"kind":"order","ts":1784661481885,"orderId":"72673562","owner":"0xd0F8A6422CcdD812f29D8FB75CF5FCd41483BaDc","price":0.023347,"size":248036.0360866766,"isBuy":false}
{"kind":"order","ts":1784661481900,"orderId":"72673563","owner":"0xd0F8A6422CcdD812f29D8FB75CF5FCd41483BaDc","price":0.02346,"size":496072.0721733533,"isBuy":false}
{"kind":"order","ts":1784661481900,"orderId":"72673564","owner":"0x8Cf67893C236963233023B56AC56A185B042866F","price":0.023308,"size":21443,"isBuy":false}
{"kind":"order","ts":1784661482348,"orderId":"72673565","owner":"0x8Cf67893C236963233023B56AC56A185B042866F","price":0.023302,"size":21443,"isBuy":true}
{"kind":"order","ts":1784661482351,"orderId":"72673566","owner":"0x8Cf67893C236963233023B56AC56A185B042866F","price":0.02331,"size":21443,"isBuy":false}
{"kind":"order","ts":1784661483409,"orderId":"72673567","owner":"0x2b46C08Ca648e2334A1182D31228A79e2BEC1669","price":0.023306,"size":42891,"isBuy":true}
{"kind":"order","ts":1784661483411,"orderId":"72673568","owner":"0x2b46C08Ca648e2334A1182D31228A79e2BEC1669","price":0.023309,"size":42891,"isBuy":false}
{"kind":"order","ts":1784661485423,"orderId":"72673569","owner":"0x2b46C08Ca648e2334A1182D31228A79e2BEC1669","price":0.023307,"size":42888,"isBuy":true}
{"kind":"order","ts":1784661485425,"orderId":"72673570","owner":"0x2b46C08Ca648e2334A1182D31228A79e2BEC1669","price":0.02331,"size":42888,"isBuy":false}
{"kind":"order","ts":1784661485425,"orderId":"72673571","owner":"0x2b46C08Ca648e2334A1182D31228A79e2BEC1669","price":0.023301,"size":21444,"isBuy":true}
{"kind":"order","ts":1784661485425,"orderId":"72673572","owner":"0x2b46C08Ca648e2334A1182D31228A79e2BEC1669","price":0.023316,"size":21444,"isBuy":false}
{"kind":"trade","ts":1784661485878,"orderId":"72673565","isBuy":false,"price":0.023302,"updatedSize":21442.9375157532,"filledSize":0.0624842468,"taker":"0x2f84FB8982073f39Ba47c7fcC29119aF074AbbcB","maker":"0x8Cf67893C236963233023B56AC56A185B042866F"}
{"kind":"order","ts":1784661487478,"orderId":"72673573","owner":"0x2b46C08Ca648e2334A1182D31228A79e2BEC1669","price":0.023307,"size":42888,"isBuy":true}
{"kind":"order","ts":1784661487479,"orderId":"72673574","owner":"0x2b46C08Ca648e2334A1182D31228A79e2BEC1669","price":0.02331,"size":42888,"isBuy":false}
{"kind":"order","ts":1784661489808,"orderId":"72673575","owner":"0x2b46C08Ca648e2334A1182D31228A79e2BEC1669","price":0.023307,"size":42888,"isBuy":true}
{"kind":"order","ts":1784661489810,"orderId":"72673576","owner":"0x2b46C08Ca648e2334A1182D31228A79e2BEC1669","price":0.02331,"size":42888,"isBuy":false}
{"kind":"order","ts":1784661491704,"orderId":"72673577","owner":"0x2b46C08Ca648e2334A1182D31228A79e2BEC1669","price":0.023307,"size":42888,"isBuy":true}
{"kind":"order","ts":1784661491707,"orderId":"72673578","owner":"0x2b46C08Ca648e2334A1182D31228A79e2BEC1669","price":0.02331,"size":42888,"isBuy":false}
{"kind":"order","ts":1784661493725,"orderId":"72673579","owner":"0x2b46C08Ca648e2334A1182D31228A79e2BEC1669","price":0.023306,"size":42892,"isBuy":true}
{"kind":"order","ts":1784661493728,"orderId":"72673580","owner":"0x2b46C08Ca648e2334A1182D31228A79e2BEC1669","price":0.023308,"size":42892,"isBuy":false}
{"kind":"order","ts":1784661493737,"orderId":"72673581","owner":"0x2b46C08Ca648e2334A1182D31228A79e2BEC1669","price":0.023299,"size":21446,"isBuy":true}
{"kind":"order","ts":1784661493738,"orderId":"72673582","owner":"0x2b46C08Ca648e2334A1182D31228A79e2BEC1669","price":0.023314,"size":21446,"isBuy":false}
{"kind":"order","ts":1784661495896,"orderId":"72673583","owner":"0x2b46C08Ca648e2334A1182D31228A79e2BEC1669","price":0.023306,"size":42892,"isBuy":true}
{"kind":"order","ts":1784661495898,"orderId":"72673584","owner":"0x2b46C08Ca648e2334A1182D31228A79e2BEC1669","price":0.023308,"size":42892,"isBuy":false}
{"kind":"order","ts":1784661498154,"orderId":"72673585","owner":"0x2b46C08Ca648e2334A1182D31228A79e2BEC1669","price":0.023306,"size":42892,"isBuy":true}
{"kind":"order","ts":1784661498156,"orderId":"72673586","owner":"0x2b46C08Ca648e2334A1182D31228A79e2BEC1669","price":0.023308,"size":42892,"isBuy":false}
{"kind":"order","ts":1784661504538,"orderId":"72673587","owner":"0x2b46C08Ca648e2334A1182D31228A79e2BEC1669","price":0.023305,"size":42892,"isBuy":true}
{"kind":"order","ts":1784661504540,"orderId":"72673588","owner":"0x2b46C08Ca648e2334A1182D31228A79e2BEC1669","price":0.023308,"size":42892,"isBuy":false}
{"kind":"order","ts":1784661504540,"orderId":"72673589","owner":"0x2b46C08Ca648e2334A1182D31228A79e2BEC1669","price":0.023299,"size":21446,"isBuy":true}
{"kind":"order","ts":1784661504540,"orderId":"72673590","owner":"0x2b46C08Ca648e2334A1182D31228A79e2BEC1669","price":0.023314,"size":21446,"isBuy":false}
{"kind":"order","ts":1784661505009,"orderId":"72673591","owner":"0xd0F8A6422CcdD812f29D8FB75CF5FCd41483BaDc","price":0.023297,"size":9921.441443467,"isBuy":true}
{"kind":"order","ts":1784661505012,"orderId":"72673592","owner":"0xd0F8A6422CcdD812f29D8FB75CF5FCd41483BaDc","price":0.023289,"size":24803.6036086676,"isBuy":true}
{"kind":"order","ts":1784661505012,"orderId":"72673593","owner":"0xd0F8A6422CcdD812f29D8FB75CF5FCd41483BaDc","price":0.023262,"size":248036.0360866766,"isBuy":true}
{"kind":"order","ts":1784661505012,"orderId":"72673594","owner":"0xd0F8A6422CcdD812f29D8FB75CF5FCd41483BaDc","price":0.023115,"size":496072.0721733533,"isBuy":true}
{"kind":"order","ts":1784661505025,"orderId":"72673595","owner":"0xd0F8A6422CcdD812f29D8FB75CF5FCd41483BaDc","price":0.023309,"size":9921.441443467,"isBuy":false}
{"kind":"order","ts":1784661505025,"orderId":"72673596","owner":"0xd0F8A6422CcdD812f29D8FB75CF5FCd41483BaDc","price":0.023315,"size":24803.6036086676,"isBuy":false}
{"kind":"order","ts":1784661505025,"orderId":"72673597","owner":"0xd0F8A6422CcdD812f29D8FB75CF5FCd41483BaDc","price":0.023335,"size":248036.0360866766,"isBuy":false}
{"kind":"order","ts":1784661505039,"orderId":"72673598","owner":"0xd0F8A6422CcdD812f29D8FB75CF5FCd41483BaDc","price":0.023448,"size":496072.0721733533,"isBuy":false}
{"kind":"order","ts":1784661506415,"orderId":"72673599","owner":"0x2b46C08Ca648e2334A1182D31228A79e2BEC1669","price":0.023303,"size":42896,"isBuy":true}
{"kind":"order","ts":1784661506417,"orderId":"72673600","owner":"0x2b46C08Ca648e2334A1182D31228A79e2BEC1669","price":0.023306,"size":42896,"isBuy":false}
{"kind":"order","ts":1784661506417,"orderId":"72673601","owner":"0x2b46C08Ca648e2334A1182D31228A79e2BEC1669","price":0.023297,"size":21448,"isBuy":true}
{"kind":"order","ts":1784661506417,"orderId":"72673602","owner":"0x2b46C08Ca648e2334A1182D31228A79e2BEC1669","price":0.023312,"size":21448,"isBuy":false}
{"kind":"order","ts":1784661508827,"orderId":"72673603","owner":"0x2b46C08Ca648e2334A1182D31228A79e2BEC1669","price":0.023301,"size":42900,"isBuy":true}
{"kind":"order","ts":1784661508830,"orderId":"72673604","owner":"0x2b46C08Ca648e2334A1182D31228A79e2BEC1669","price":0.023304,"size":42900,"isBuy":false}
{"kind":"order","ts":1784661508830,"orderId":"72673605","owner":"0x2b46C08Ca648e2334A1182D31228A79e2BEC1669","price":0.023295,"size":21450,"isBuy":true}
{"kind":"order","ts":1784661508830,"orderId":"72673606","owner":"0x2b46C08Ca648e2334A1182D31228A79e2BEC1669","price":0.02331,"size":21450,"isBuy":false}
{"kind":"order","ts":1784661510831,"orderId":"72673607","owner":"0x2b46C08Ca648e2334A1182D31228A79e2BEC1669","price":0.023302,"size":42898,"isBuy":true}
{"kind":"order","ts":1784661510832,"orderId":"72673608","owner":"0x2b46C08Ca648e2334A1182D31228A79e2BEC1669","price":0.023305,"size":42898,"isBuy":false}
{"kind":"order","ts":1784661510832,"orderId":"72673609","owner":"0x2b46C08Ca648e2334A1182D31228A79e2BEC1669","price":0.023296,"size":21449,"isBuy":true}
{"kind":"order","ts":1784661510832,"orderId":"72673610","owner":"0x2b46C08Ca648e2334A1182D31228A79e2BEC1669","price":0.023311,"size":21449,"isBuy":false}
{"kind":"order","ts":1784661512137,"orderId":"72673611","owner":"0x8Cf67893C236963233023B56AC56A185B042866F","price":0.023295,"size":21452,"isBuy":true}
{"kind":"order","ts":1784661512138,"orderId":"72673612","owner":"0x8Cf67893C236963233023B56AC56A185B042866F","price":0.023303,"size":21452,"isBuy":false}
{"kind":"order","ts":1784661512925,"orderId":"72673613","owner":"0x2b46C08Ca648e2334A1182D31228A79e2BEC1669","price":0.023302,"size":42899,"isBuy":true}
{"kind":"order","ts":1784661512925,"orderId":"72673614","owner":"0x2b46C08Ca648e2334A1182D31228A79e2BEC1669","price":0.023304,"size":42899,"isBuy":false}
{"kind":"order","ts":1784661512925,"orderId":"72673615","owner":"0x2b46C08Ca648e2334A1182D31228A79e2BEC1669","price":0.023295,"size":21449,"isBuy":true}
{"kind":"order","ts":1784661512925,"orderId":"72673616","owner":"0x2b46C08Ca648e2334A1182D31228A79e2BEC1669","price":0.02331,"size":21449,"isBuy":false}
{"kind":"trade","ts":1784661512939,"orderId":"72673612","isBuy":true,"price":0.023303,"updatedSize":12778.3399562289,"filledSize":8673.6600437711,"taker":"0x553037Bac82741e7CA05AfB48e8538996fD70ECa","maker":"0x8Cf67893C236963233023B56AC56A185B042866F"}
{"kind":"order","ts":1784661514839,"orderId":"72673617","owner":"0x2b46C08Ca648e2334A1182D31228A79e2BEC1669","price":0.023302,"size":42899,"isBuy":true}
{"kind":"order","ts":1784661514840,"orderId":"72673618","owner":"0x2b46C08Ca648e2334A1182D31228A79e2BEC1669","price":0.023304,"size":42899,"isBuy":false}
{"kind":"order","ts":1784661516872,"orderId":"72673619","owner":"0x2b46C08Ca648e2334A1182D31228A79e2BEC1669","price":0.023301,"size":42899,"isBuy":true}
{"kind":"order","ts":1784661516873,"orderId":"72673620","owner":"0x2b46C08Ca648e2334A1182D31228A79e2BEC1669","price":0.023304,"size":42899,"isBuy":false}
{"kind":"trade","ts":1784661516873,"orderId":"72673591","isBuy":false,"price":0.023297,"updatedSize":9595.9683627868,"filledSize":325.4730806802,"taker":"0xd651346d7c789536ebf06dc72aE3C8502cd695CC","maker":"0xd0F8A6422CcdD812f29D8FB75CF5FCd41483BaDc"}
{"kind":"order","ts":1784661519030,"orderId":"72673621","owner":"0x2b46C08Ca648e2334A1182D31228A79e2BEC1669","price":0.023301,"size":42899,"isBuy":true}
{"kind":"order","ts":1784661519036,"orderId":"72673622","owner":"0x2b46C08Ca648e2334A1182D31228A79e2BEC1669","price":0.023304,"size":42899,"isBuy":false}
{"kind":"order","ts":1784661520934,"orderId":"72673623","owner":"0x2b46C08Ca648e2334A1182D31228A79e2BEC1669","price":0.023301,"size":42899,"isBuy":true}
{"kind":"order","ts":1784661520935,"orderId":"72673624","owner":"0x2b46C08Ca648e2334A1182D31228A79e2BEC1669","price":0.023304,"size":42899,"isBuy":false}
{"kind":"order","ts":1784661524533,"orderId":"72673625","owner":"0x2b46C08Ca648e2334A1182D31228A79e2BEC1669","price":0.023301,"size":42899,"isBuy":true}
{"kind":"order","ts":1784661524534,"orderId":"72673626","owner":"0x2b46C08Ca648e2334A1182D31228A79e2BEC1669","price":0.023304,"size":42899,"isBuy":false}
{"kind":"order","ts":1784661524534,"orderId":"72673627","owner":"0x2b46C08Ca648e2334A1182D31228A79e2BEC1669","price":0.023295,"size":21449,"isBuy":true}
{"kind":"order","ts":1784661524534,"orderId":"72673628","owner":"0x2b46C08Ca648e2334A1182D31228A79e2BEC1669","price":0.02331,"size":21449,"isBuy":false}
{"kind":"order","ts":1784661526477,"orderId":"72673629","owner":"0x2b46C08Ca648e2334A1182D31228A79e2BEC1669","price":0.023301,"size":42899,"isBuy":true}
{"kind":"order","ts":1784661526477,"orderId":"72673630","owner":"0x2b46C08Ca648e2334A1182D31228A79e2BEC1669","price":0.023304,"size":42899,"isBuy":false}
{"kind":"order","ts":1784661528641,"orderId":"72673631","owner":"0x2b46C08Ca648e2334A1182D31228A79e2BEC1669","price":0.023301,"size":42899,"isBuy":true}
{"kind":"order","ts":1784661528644,"orderId":"72673632","owner":"0x2b46C08Ca648e2334A1182D31228A79e2BEC1669","price":0.023304,"size":42899,"isBuy":false}
{"kind":"order","ts":1784661530513,"orderId":"72673633","owner":"0x2b46C08Ca648e2334A1182D31228A79e2BEC1669","price":0.023301,"size":42899,"isBuy":true}
{"kind":"order","ts":1784661530514,"orderId":"72673634","owner":"0x2b46C08Ca648e2334A1182D31228A79e2BEC1669","price":0.023304,"size":42899,"isBuy":false}
{"kind":"order","ts":1784661532920,"orderId":"72673635","owner":"0x2b46C08Ca648e2334A1182D31228A79e2BEC1669","price":0.023301,"size":42900,"isBuy":true}
{"kind":"order","ts":1784661532922,"orderId":"72673636","owner":"0x2b46C08Ca648e2334A1182D31228A79e2BEC1669","price":0.023304,"size":42900,"isBuy":false}
{"kind":"order","ts":1784661533737,"orderId":"72673637","owner":"0x2b46C08Ca648e2334A1182D31228A79e2BEC1669","price":0.023279,"size":42940,"isBuy":true}
{"kind":"order","ts":1784661533737,"orderId":"72673638","owner":"0x2b46C08Ca648e2334A1182D31228A79e2BEC1669","price":0.023282,"size":8540.4280285456,"isBuy":false}
{"kind":"order","ts":1784661533737,"orderId":"72673639","owner":"0x2b46C08Ca648e2334A1182D31228A79e2BEC1669","price":0.023273,"size":21470,"isBuy":true}
{"kind":"order","ts":1784661533738,"orderId":"72673640","owner":"0x2b46C08Ca648e2334A1182D31228A79e2BEC1669","price":0.023288,"size":21470,"isBuy":false}
{"kind":"trade","ts":1784661533751,"orderId":"72673591","isBuy":false,"price":0.023297,"updatedSize":0,"filledSize":9595.9683627868,"taker":"0x2b46C08Ca648e2334A1182D31228A79e2BEC1669","maker":"0xd0F8A6422CcdD812f29D8FB75CF5FCd41483BaDc"}
{"kind":"trade","ts":1784661533752,"orderId":"72673592","isBuy":false,"price":0.023289,"updatedSize":0,"filledSize":24803.6036086676,"taker":"0x2b46C08Ca648e2334A1182D31228A79e2BEC1669","maker":"0xd0F8A6422CcdD812f29D8FB75CF5FCd41483BaDc"}
{"kind":"trade","ts":1784661534131,"orderId":"72673640","isBuy":true,"price":0.023288,"updatedSize":160.1666094126,"filledSize":21309.8333905874,"taker":"0x553037Bac82741e7CA05AfB48e8538996fD70ECa","maker":"0x2b46C08Ca648e2334A1182D31228A79e2BEC1669"}
{"kind":"order","ts":1784661534521,"orderId":"72673641","owner":"0x2b46C08Ca648e2334A1182D31228A79e2BEC1669","price":0.023282,"size":42936,"isBuy":true}
{"kind":"order","ts":1784661534524,"orderId":"72673642","owner":"0x2b46C08Ca648e2334A1182D31228A79e2BEC1669","price":0.023284,"size":42936,"isBuy":false}
{"kind":"order","ts":1784661534524,"orderId":"72673643","owner":"0x2b46C08Ca648e2334A1182D31228A79e2BEC1669","price":0.023275,"size":21468,"isBuy":true}
{"kind":"order","ts":1784661534524,"orderId":"72673644","owner":"0x2b46C08Ca648e2334A1182D31228A79e2BEC1669","price":0.02329,"size":21468,"isBuy":false}
{"kind":"trade","ts":1784661534536,"orderId":"72673640","isBuy":true,"price":0.023288,"updatedSize":0,"filledSize":160.1666094126,"taker":"0x0d91b0e1fa8aa09088e74f5746bf1e8d66450b15","maker":"0x2b46C08Ca648e2334A1182D31228A79e2BEC1669"}
{"kind":"trade","ts":1784661534537,"orderId":"72673595","isBuy":true,"price":0.023309,"updatedSize":9921.4286162329,"filledSize":0.0128272341,"taker":"0x0d91b0e1fa8aa09088e74f5746bf1e8d66450b15","maker":"0xd0F8A6422CcdD812f29D8FB75CF5FCd41483BaDc"}
{"kind":"order","ts":1784661535035,"orderId":"72673645","owner":"0x2b46C08Ca648e2334A1182D31228A79e2BEC1669","price":0.023284,"size":42935,"isBuy":true}
{"kind":"order","ts":1784661535038,"orderId":"72673646","owner":"0x2b46C08Ca648e2334A1182D31228A79e2BEC1669","price":0.023287,"size":42935,"isBuy":false}
{"kind":"order","ts":1784661535038,"orderId":"72673647","owner":"0x2b46C08Ca648e2334A1182D31228A79e2BEC1669","price":0.023278,"size":21467,"isBuy":true}
{"kind":"order","ts":1784661535039,"orderId":"72673648","owner":"0x2b46C08Ca648e2334A1182D31228A79e2BEC1669","price":0.023293,"size":21467,"isBuy":false}
{"kind":"trade","ts":1784661535052,"orderId":"72673644","isBuy":true,"price":0.02329,"updatedSize":19674.2717904681,"filledSize":1793.7282095319,"taker":"0x55e803351A65D5267da6b0AaC81beB944328710c","maker":"0x2b46C08Ca648e2334A1182D31228A79e2BEC1669"}
{"kind":"order","ts":1784661536914,"orderId":"72673649","owner":"0x2b46C08Ca648e2334A1182D31228A79e2BEC1669","price":0.023284,"size":42935,"isBuy":true}
{"kind":"order","ts":1784661536916,"orderId":"72673650","owner":"0x2b46C08Ca648e2334A1182D31228A79e2BEC1669","price":0.023287,"size":42935,"isBuy":false}
{"kind":"order","ts":1784661538976,"orderId":"72673651","owner":"0x2b46C08Ca648e2334A1182D31228A79e2BEC1669","price":0.023284,"size":42935,"isBuy":true}
{"kind":"order","ts":1784661538978,"orderId":"72673652","owner":"0x2b46C08Ca648e2334A1182D31228A79e2BEC1669","price":0.023287,"size":42935,"isBuy":false}
{"kind":"order","ts":1784661540586,"orderId":"72673653","owner":"0x8Cf67893C236963233023B56AC56A185B042866F","price":0.023285,"size":21470,"isBuy":true}
{"kind":"order","ts":1784661540587,"orderId":"72673654","owner":"0x8Cf67893C236963233023B56AC56A185B042866F","price":0.023294,"size":21470,"isBuy":false}
{"kind":"order","ts":1784661540937,"orderId":"72673655","owner":"0x2b46C08Ca648e2334A1182D31228A79e2BEC1669","price":0.023284,"size":42935,"isBuy":true}
{"kind":"order","ts":1784661540939,"orderId":"72673656","owner":"0x2b46C08Ca648e2334A1182D31228A79e2BEC1669","price":0.023287,"size":42935,"isBuy":false}
{"kind":"order","ts":1784661542584,"orderId":"72673657","owner":"0x8Cf67893C236963233023B56AC56A185B042866F","price":0.023287,"size":21471,"isBuy":true}
{"kind":"order","ts":1784661543028,"orderId":"72673658","owner":"0x2b46C08Ca648e2334A1182D31228A79e2BEC1669","price":0.023284,"size":42935,"isBuy":true}
{"kind":"order","ts":1784661543033,"orderId":"72673659","owner":"0x2b46C08Ca648e2334A1182D31228A79e2BEC1669","price":0.023287,"size":21464,"isBuy":false}
{"kind":"trade","ts":1784661543033,"orderId":"72673657","isBuy":false,"price":0.023287,"updatedSize":0,"filledSize":21471,"taker":"0x2b46C08Ca648e2334A1182D31228A79e2BEC1669","maker":"0x8Cf67893C236963233023B56AC56A185B042866F"}
{"kind":"order","ts":1784661543439,"orderId":"72673660","owner":"0x8Cf67893C236963233023B56AC56A185B042866F","price":0.023285,"size":21471,"isBuy":true}
{"kind":"order","ts":1784661545042,"orderId":"72673661","owner":"0x2b46C08Ca648e2334A1182D31228A79e2BEC1669","price":0.023286,"size":42934,"isBuy":true}
{"kind":"order","ts":1784661545043,"orderId":"72673662","owner":"0x2b46C08Ca648e2334A1182D31228A79e2BEC1669","price":0.023288,"size":42934,"isBuy":false}
{"kind":"order","ts":1784661545044,"orderId":"72673663","owner":"0x2b46C08Ca648e2334A1182D31228A79e2BEC1669","price":0.023279,"size":21467,"isBuy":true}
{"kind":"order","ts":1784661545044,"orderId":"72673664","owner":"0x2b46C08Ca648e2334A1182D31228A79e2BEC1669","price":0.023294,"size":21467,"isBuy":false}
{"kind":"order","ts":1784661547415,"orderId":"72673665","owner":"0x2b46C08Ca648e2334A1182D31228A79e2BEC1669","price":0.02328,"size":42944,"isBuy":true}
{"kind":"order","ts":1784661547417,"orderId":"72673666","owner":"0x2b46C08Ca648e2334A1182D31228A79e2BEC1669","price":0.023283,"size":21473,"isBuy":false}
{"kind":"order","ts":1784661547417,"orderId":"72673667","owner":"0x2b46C08Ca648e2334A1182D31228A79e2BEC1669","price":0.023274,"size":21472,"isBuy":true}
{"kind":"order","ts":1784661547417,"orderId":"72673668","owner":"0x2b46C08Ca648e2334A1182D31228A79e2BEC1669","price":0.023289,"size":21472,"isBuy":false}
{"kind":"trade","ts":1784661547430,"orderId":"72673660","isBuy":false,"price":0.023285,"updatedSize":0,"filledSize":21471,"taker":"0x2b46C08Ca648e2334A1182D31228A79e2BEC1669","maker":"0x8Cf67893C236963233023B56AC56A185B042866F"}
{"kind":"order","ts":1784661547840,"orderId":"72673669","owner":"0x2b46C08Ca648e2334A1182D31228A79e2BEC1669","price":0.023283,"size":42938,"isBuy":true}
{"kind":"order","ts":1784661547842,"orderId":"72673670","owner":"0x2b46C08Ca648e2334A1182D31228A79e2BEC1669","price":0.023286,"size":42938,"isBuy":false}
{"kind":"order","ts":1784661547843,"orderId":"72673671","owner":"0x2b46C08Ca648e2334A1182D31228A79e2BEC1669","price":0.023277,"size":21469,"isBuy":true}
{"kind":"order","ts":1784661547843,"orderId":"72673672","owner":"0x2b46C08Ca648e2334A1182D31228A79e2BEC1669","price":0.023292,"size":21469,"isBuy":false}
{"kind":"order","ts":1784661547855,"orderId":"72673673","owner":"0x8Cf67893C236963233023B56AC56A185B042866F","price":0.023267,"size":21471,"isBuy":true}
{"kind":"trade","ts":1784661547855,"orderId":"72673668","isBuy":true,"price":0.023289,"updatedSize":20426.6781742454,"filledSize":1045.3218257546,"taker":"0x55e803351A65D5267da6b0AaC81beB944328710c","maker":"0x2b46C08Ca648e2334A1182D31228A79e2BEC1669"}
{"kind":"order","ts":1784661548490,"orderId":"72673674","owner":"0x8Cf67893C236963233023B56AC56A185B042866F","price":0.023276,"size":21470,"isBuy":true}
{"kind":"order","ts":1784661548606,"orderId":"72673675","owner":"0x2b46C08Ca648e2334A1182D31228A79e2BEC1669","price":0.023286,"size":42935,"isBuy":true}
{"kind":"order","ts":1784661548610,"orderId":"72673676","owner":"0x2b46C08Ca648e2334A1182D31228A79e2BEC1669","price":0.023288,"size":42935,"isBuy":false}
{"kind":"order","ts":1784661548610,"orderId":"72673677","owner":"0x2b46C08Ca648e2334A1182D31228A79e2BEC1669","price":0.023279,"size":21467,"isBuy":true}
{"kind":"order","ts":1784661548610,"orderId":"72673678","owner":"0x2b46C08Ca648e2334A1182D31228A79e2BEC1669","price":0.023294,"size":21467,"isBuy":false}
{"kind":"order","ts":1784661548624,"orderId":"72673679","owner":"0x8Cf67893C236963233023B56AC56A185B042866F","price":0.023286,"size":21470,"isBuy":false}
{"kind":"order","ts":1784661549932,"orderId":"72673680","owner":"0x8Cf67893C236963233023B56AC56A185B042866F","price":0.023278,"size":21470,"isBuy":true}
{"kind":"order","ts":1784661549934,"orderId":"72673681","owner":"0x8Cf67893C236963233023B56AC56A185B042866F","price":0.023289,"size":21470,"isBuy":false}
{"kind":"order","ts":1784661550623,"orderId":"72673682","owner":"0x2b46C08Ca648e2334A1182D31228A79e2BEC1669","price":0.023286,"size":42934,"isBuy":true}
{"kind":"order","ts":1784661550625,"orderId":"72673683","owner":"0x2b46C08Ca648e2334A1182D31228A79e2BEC1669","price":0.023289,"size":42934,"isBuy":false}
{"kind":"order","ts":1784661550625,"orderId":"72673684","owner":"0x2b46C08Ca648e2334A1182D31228A79e2BEC1669","price":0.02328,"size":21467,"isBuy":true}
{"kind":"order","ts":1784661550625,"orderId":"72673685","owner":"0x2b46C08Ca648e2334A1182D31228A79e2BEC1669","price":0.023295,"size":21467,"isBuy":false}
{"kind":"order","ts":1784661551581,"orderId":"72673686","owner":"0x2b46C08Ca648e2334A1182D31228A79e2BEC1669","price":0.023289,"size":21458,"isBuy":true}
{"kind":"order","ts":1784661551584,"orderId":"72673687","owner":"0x2b46C08Ca648e2334A1182D31228A79e2BEC1669","price":0.023292,"size":42928,"isBuy":false}
{"kind":"order","ts":1784661551584,"orderId":"72673688","owner":"0x2b46C08Ca648e2334A1182D31228A79e2BEC1669","price":0.023283,"size":21464,"isBuy":true}
{"kind":"order","ts":1784661551584,"orderId":"72673689","owner":"0x2b46C08Ca648e2334A1182D31228A79e2BEC1669","price":0.023298,"size":21464,"isBuy":false}
{"kind":"order","ts":1784661551600,"orderId":"72673690","owner":"0x8Cf67893C236963233023B56AC56A185B042866F","price":0.02328,"size":21471,"isBuy":true}
{"kind":"order","ts":1784661551600,"orderId":"72673691","owner":"0x8Cf67893C236963233023B56AC56A185B042866F","price":0.023291,"size":21471,"isBuy":false}
{"kind":"trade","ts":1784661551614,"orderId":"72673681","isBuy":true,"price":0.023289,"updatedSize":0,"filledSize":21470,"taker":"0x2b46C08Ca648e2334A1182D31228A79e2BEC1669","maker":"0x8Cf67893C236963233023B56AC56A185B042866F"}
{"kind":"order","ts":1784661551826,"orderId":"72673692","owner":"0x8Cf67893C236963233023B56AC56A185B042866F","price":0.023288,"size":21471,"isBuy":true}
{"kind":"order","ts":1784661551827,"orderId":"72673693","owner":"0x8Cf67893C236963233023B56AC56A185B042866F","price":0.023299,"size":21471,"isBuy":false}
{"kind":"order","ts":1784661553452,"orderId":"72673694","owner":"0x2b46C08Ca648e2334A1182D31228A79e2BEC1669","price":0.023289,"size":42928,"isBuy":true}
{"kind":"order","ts":1784661553452,"orderId":"72673695","owner":"0x2b46C08Ca648e2334A1182D31228A79e2BEC1669","price":0.023291,"size":42928,"isBuy":false}
{"kind":"order","ts":1784661553452,"orderId":"72673696","owner":"0x2b46C08Ca648e2334A1182D31228A79e2BEC1669","price":0.023282,"size":21464,"isBuy":true}
{"kind":"order","ts":1784661553452,"orderId":"72673697","owner":"0x2b46C08Ca648e2334A1182D31228A79e2BEC1669","price":0.023297,"size":21464,"isBuy":false}
{"kind":"order","ts":1784661555487,"orderId":"72673698","owner":"0x2b46C08Ca648e2334A1182D31228A79e2BEC1669","price":0.023288,"size":42928,"isBuy":true}
{"kind":"order","ts":1784661555488,"orderId":"72673699","owner":"0x2b46C08Ca648e2334A1182D31228A79e2BEC1669","price":0.023291,"size":42928,"isBuy":false}
{"kind":"order","ts":1784661557570,"orderId":"72673700","owner":"0x2b46C08Ca648e2334A1182D31228A79e2BEC1669","price":0.023288,"size":42928,"isBuy":true}
{"kind":"order","ts":1784661557571,"orderId":"72673701","owner":"0x2b46C08Ca648e2334A1182D31228A79e2BEC1669","price":0.023291,"size":42928,"isBuy":false}
{"kind":"order","ts":1784661559923,"orderId":"72673702","owner":"0x2b46C08Ca648e2334A1182D31228A79e2BEC1669","price":0.023288,"size":42929,"isBuy":true}
{"kind":"order","ts":1784661559923,"orderId":"72673703","owner":"0x2b46C08Ca648e2334A1182D31228A79e2BEC1669","price":0.023291,"size":42929,"isBuy":false}
{"kind":"order","ts":1784661561925,"orderId":"72673704","owner":"0x2b46C08Ca648e2334A1182D31228A79e2BEC1669","price":0.023288,"size":42929,"isBuy":true}
{"kind":"order","ts":1784661561927,"orderId":"72673705","owner":"0x2b46C08Ca648e2334A1182D31228A79e2BEC1669","price":0.023291,"size":42929,"isBuy":false}
{"kind":"order","ts":1784661563871,"orderId":"72673706","owner":"0x2b46C08Ca648e2334A1182D31228A79e2BEC1669","price":0.023288,"size":42929,"isBuy":true}
{"kind":"order","ts":1784661563877,"orderId":"72673707","owner":"0x2b46C08Ca648e2334A1182D31228A79e2BEC1669","price":0.023291,"size":42929,"isBuy":false}
{"kind":"order","ts":1784661565081,"orderId":"72673708","owner":"0x8Cf67893C236963233023B56AC56A185B042866F","price":0.023297,"size":21461,"isBuy":false}
{"kind":"order","ts":1784661565906,"orderId":"72673709","owner":"0x2b46C08Ca648e2334A1182D31228A79e2BEC1669","price":0.023288,"size":42930,"isBuy":true}
{"kind":"order","ts":1784661565910,"orderId":"72673710","owner":"0x2b46C08Ca648e2334A1182D31228A79e2BEC1669","price":0.02329,"size":42930,"isBuy":false}
{"kind":"order","ts":1784661565910,"orderId":"72673711","owner":"0x2b46C08Ca648e2334A1182D31228A79e2BEC1669","price":0.023281,"size":21465,"isBuy":true}
{"kind":"order","ts":1784661565911,"orderId":"72673712","owner":"0x2b46C08Ca648e2334A1182D31228A79e2BEC1669","price":0.023296,"size":21465,"isBuy":false}
{"kind":"order","ts":1784661567909,"orderId":"72673713","owner":"0x2b46C08Ca648e2334A1182D31228A79e2BEC1669","price":0.023288,"size":42929,"isBuy":true}
{"kind":"order","ts":1784661567915,"orderId":"72673714","owner":"0x2b46C08Ca648e2334A1182D31228A79e2BEC1669","price":0.023291,"size":42929,"isBuy":false}
{"kind":"order","ts":1784661567916,"orderId":"72673715","owner":"0x2b46C08Ca648e2334A1182D31228A79e2BEC1669","price":0.023282,"size":21464,"isBuy":true}
{"kind":"order","ts":1784661567916,"orderId":"72673716","owner":"0x2b46C08Ca648e2334A1182D31228A79e2BEC1669","price":0.023297,"size":21464,"isBuy":false}
{"kind":"order","ts":1784661569899,"orderId":"72673717","owner":"0x2b46C08Ca648e2334A1182D31228A79e2BEC1669","price":0.023288,"size":42929,"isBuy":true}
{"kind":"order","ts":1784661569900,"orderId":"72673718","owner":"0x2b46C08Ca648e2334A1182D31228A79e2BEC1669","price":0.023291,"size":42929,"isBuy":false}
{"kind":"order","ts":1784661572334,"orderId":"72673719","owner":"0x2b46C08Ca648e2334A1182D31228A79e2BEC1669","price":0.023288,"size":42929,"isBuy":true}
{"kind":"order","ts":1784661572336,"orderId":"72673720","owner":"0x2b46C08Ca648e2334A1182D31228A79e2BEC1669","price":0.023291,"size":42929,"isBuy":false}
{"kind":"order","ts":1784661574519,"orderId":"72673721","owner":"0x2b46C08Ca648e2334A1182D31228A79e2BEC1669","price":0.023289,"size":42927,"isBuy":true}
{"kind":"order","ts":1784661574520,"orderId":"72673722","owner":"0x2b46C08Ca648e2334A1182D31228A79e2BEC1669","price":0.023292,"size":42927,"isBuy":false}
{"kind":"order","ts":1784661574520,"orderId":"72673723","owner":"0x2b46C08Ca648e2334A1182D31228A79e2BEC1669","price":0.023283,"size":21463,"isBuy":true}
{"kind":"order","ts":1784661574520,"orderId":"72673724","owner":"0x2b46C08Ca648e2334A1182D31228A79e2BEC1669","price":0.023298,"size":21463,"isBuy":false}
{"kind":"order","ts":1784661575952,"orderId":"72673725","owner":"0x2b46C08Ca648e2334A1182D31228A79e2BEC1669","price":0.023308,"size":21432,"isBuy":true}
{"kind":"order","ts":1784661575954,"orderId":"72673726","owner":"0x2b46C08Ca648e2334A1182D31228A79e2BEC1669","price":0.02331,"size":42893,"isBuy":false}
{"kind":"order","ts":1784661575954,"orderId":"72673727","owner":"0x2b46C08Ca648e2334A1182D31228A79e2BEC1669","price":0.023301,"size":21446,"isBuy":true}
{"kind":"order","ts":1784661575954,"orderId":"72673728","owner":"0x2b46C08Ca648e2334A1182D31228A79e2BEC1669","price":0.023316,"size":21446,"isBuy":false}
{"kind":"order","ts":1784661575968,"orderId":"72673729","owner":"0xd0F8A6422CcdD812f29D8FB75CF5FCd41483BaDc","price":0.023295,"size":9921.5231821497,"isBuy":true}
{"kind":"order","ts":1784661575968,"orderId":"72673730","owner":"0xd0F8A6422CcdD812f29D8FB75CF5FCd41483BaDc","price":0.023286,"size":24803.8079553743,"isBuy":true}
{"kind":"order","ts":1784661575968,"orderId":"72673731","owner":"0xd0F8A6422CcdD812f29D8FB75CF5FCd41483BaDc","price":0.023256,"size":248038.0795537438,"isBuy":true}
{"kind":"order","ts":1784661575983,"orderId":"72673732","owner":"0xd0F8A6422CcdD812f29D8FB75CF5FCd41483BaDc","price":0.023091,"size":496076.1591074877,"isBuy":true}
{"kind":"order","ts":1784661575983,"orderId":"72673733","owner":"0xd0F8A6422CcdD812f29D8FB75CF5FCd41483BaDc","price":0.023315,"size":9921.5231821497,"isBuy":false}
{"kind":"order","ts":1784661575983,"orderId":"72673734","owner":"0xd0F8A6422CcdD812f29D8FB75CF5FCd41483BaDc","price":0.02332,"size":24803.8079553743,"isBuy":false}
{"kind":"order","ts":1784661575996,"orderId":"72673735","owner":"0xd0F8A6422CcdD812f29D8FB75CF5FCd41483BaDc","price":0.023338,"size":248038.0795537438,"isBuy":false}
{"kind":"order","ts":1784661575996,"orderId":"72673736","owner":"0xd0F8A6422CcdD812f29D8FB75CF5FCd41483BaDc","price":0.023437,"size":496076.1591074877,"isBuy":false}
{"kind":"order","ts":1784661575996,"orderId":"72673737","owner":"0x8Cf67893C236963233023B56AC56A185B042866F","price":0.02329,"size":21461,"isBuy":true}
{"kind":"order","ts":1784661576011,"orderId":"72673738","owner":"0x8Cf67893C236963233023B56AC56A185B042866F","price":0.023302,"size":21461,"isBuy":false}
{"kind":"trade","ts":1784661576011,"orderId":"72673708","isBuy":true,"price":0.023297,"updatedSize":0,"filledSize":21461,"taker":"0x2b46C08Ca648e2334A1182D31228A79e2BEC1669","maker":"0x8Cf67893C236963233023B56AC56A185B042866F"}
{"kind":"order","ts":1784661576411,"orderId":"72673739","owner":"0xd0F8A6422CcdD812f29D8FB75CF5FCd41483BaDc","price":0.023295,"size":9920.5203569283,"isBuy":true}
{"kind":"order","ts":1784661576413,"orderId":"72673740","owner":"0xd0F8A6422CcdD812f29D8FB75CF5FCd41483BaDc","price":0.023286,"size":24801.3008923208,"isBuy":true}
{"kind":"order","ts":1784661576414,"orderId":"72673741","owner":"0xd0F8A6422CcdD812f29D8FB75CF5FCd41483BaDc","price":0.023256,"size":248013.0089232089,"isBuy":true}
{"kind":"order","ts":1784661576414,"orderId":"72673742","owner":"0xd0F8A6422CcdD812f29D8FB75CF5FCd41483BaDc","price":0.023091,"size":496026.0178464178,"isBuy":true}
{"kind":"order","ts":1784661576426,"orderId":"72673743","owner":"0xd0F8A6422CcdD812f29D8FB75CF5FCd41483BaDc","price":0.023321,"size":9920.5203569283,"isBuy":false}
{"kind":"order","ts":1784661576428,"orderId":"72673744","owner":"0xd0F8A6422CcdD812f29D8FB75CF5FCd41483BaDc","price":0.023327,"size":24801.3008923208,"isBuy":false}
{"kind":"order","ts":1784661576428,"orderId":"72673745","owner":"0xd0F8A6422CcdD812f29D8FB75CF5FCd41483BaDc","price":0.023345,"size":248013.0089232089,"isBuy":false}
{"kind":"order","ts":1784661576442,"orderId":"72673746","owner":"0xd0F8A6422CcdD812f29D8FB75CF5FCd41483BaDc","price":0.023443,"size":496026.0178464178,"isBuy":false}
{"kind":"order","ts":1784661576442,"orderId":"72673747","owner":"0x8Cf67893C236963233023B56AC56A185B042866F","price":0.023313,"size":21461,"isBuy":false}
{"kind":"order","ts":1784661577162,"orderId":"72673748","owner":"0x2b46C08Ca648e2334A1182D31228A79e2BEC1669","price":0.023305,"size":42896,"isBuy":true}
{"kind":"order","ts":1784661577162,"orderId":"72673749","owner":"0x2b46C08Ca648e2334A1182D31228A79e2BEC1669","price":0.023308,"size":42896,"isBuy":false}
{"kind":"order","ts":1784661577162,"orderId":"72673750","owner":"0x2b46C08Ca648e2334A1182D31228A79e2BEC1669","price":0.023299,"size":21448,"isBuy":true}
{"kind":"order","ts":1784661577162,"orderId":"72673751","owner":"0x2b46C08Ca648e2334A1182D31228A79e2BEC1669","price":0.023314,"size":21448,"isBuy":false}
{"kind":"order","ts":1784661577683,"orderId":"72673752","owner":"0x8Cf67893C236963233023B56AC56A185B042866F","price":0.023304,"size":21461,"isBuy":true}
{"kind":"order","ts":1784661577948,"orderId":"72673753","owner":"0xd0F8A6422CcdD812f29D8FB75CF5FCd41483BaDc","price":0.023295,"size":9920.5203569283,"isBuy":true}
{"kind":"order","ts":1784661577951,"orderId":"72673754","owner":"0xd0F8A6422CcdD812f29D8FB75CF5FCd41483BaDc","price":0.023286,"size":24801.3008923208,"isBuy":true}
{"kind":"order","ts":1784661577951,"orderId":"72673755","owner":"0xd0F8A6422CcdD812f29D8FB75CF5FCd41483BaDc","price":0.023256,"size":248013.0089232089,"isBuy":true}
{"kind":"order","ts":1784661577951,"orderId":"72673756","owner":"0xd0F8A6422CcdD812f29D8FB75CF5FCd41483BaDc","price":0.023091,"size":496026.0178464178,"isBuy":true}
{"kind":"order","ts":1784661577961,"orderId":"72673757","owner":"0xd0F8A6422CcdD812f29D8FB75CF5FCd41483BaDc","price":0.023316,"size":9920.5203569283,"isBuy":false}
{"kind":"order","ts":1784661577963,"orderId":"72673758","owner":"0xd0F8A6422CcdD812f29D8FB75CF5FCd41483BaDc","price":0.023321,"size":24801.3008923208,"isBuy":false}
{"kind":"order","ts":1784661577963,"orderId":"72673759","owner":"0xd0F8A6422CcdD812f29D8FB75CF5FCd41483BaDc","price":0.023339,"size":248013.0089232089,"isBuy":false}
{"kind":"order","ts":1784661577979,"orderId":"72673760","owner":"0xd0F8A6422CcdD812f29D8FB75CF5FCd41483BaDc","price":0.023438,"size":496026.0178464178,"isBuy":false}
{"kind":"trade","ts":1784661577979,"orderId":"72673752","isBuy":false,"price":0.023304,"updatedSize":15659.6775879522,"filledSize":5801.3224120478,"taker":"0x553037Bac82741e7CA05AfB48e8538996fD70ECa","maker":"0x8Cf67893C236963233023B56AC56A185B042866F"}
{"kind":"order","ts":1784661579562,"orderId":"72673761","owner":"0x2b46C08Ca648e2334A1182D31228A79e2BEC1669","price":0.023305,"size":42896,"isBuy":true}
{"kind":"order","ts":1784661579562,"orderId":"72673762","owner":"0x2b46C08Ca648e2334A1182D31228A79e2BEC1669","price":0.023308,"size":42896,"isBuy":false}
{"kind":"trade","ts":1784661579562,"orderId":"72673752","isBuy":false,"price":0.023304,"updatedSize":13969.4517467347,"filledSize":1690.2258412175,"taker":"0x0d91b0e1fa8aa09088e74f5746bf1e8d66450b15","maker":"0x8Cf67893C236963233023B56AC56A185B042866F"}
{"kind":"order","ts":1784661580785,"orderId":"72673763","owner":"0xd0F8A6422CcdD812f29D8FB75CF5FCd41483BaDc","price":0.023295,"size":9921.5231821497,"isBuy":true}
{"kind":"order","ts":1784661580788,"orderId":"72673764","owner":"0xd0F8A6422CcdD812f29D8FB75CF5FCd41483BaDc","price":0.023286,"size":24803.8079553743,"isBuy":true}
{"kind":"order","ts":1784661580789,"orderId":"72673765","owner":"0xd0F8A6422CcdD812f29D8FB75CF5FCd41483BaDc","price":0.023256,"size":248038.0795537438,"isBuy":true}
{"kind":"order","ts":1784661580789,"orderId":"72673766","owner":"0xd0F8A6422CcdD812f29D8FB75CF5FCd41483BaDc","price":0.023091,"size":496076.1591074877,"isBuy":true}
{"kind":"order","ts":1784661580802,"orderId":"72673767","owner":"0xd0F8A6422CcdD812f29D8FB75CF5FCd41483BaDc","price":0.02332,"size":9921.5231821497,"isBuy":false}
{"kind":"order","ts":1784661580802,"orderId":"72673768","owner":"0xd0F8A6422CcdD812f29D8FB75CF5FCd41483BaDc","price":0.023326,"size":24803.8079553743,"isBuy":false}
{"kind":"order","ts":1784661580802,"orderId":"72673769","owner":"0xd0F8A6422CcdD812f29D8FB75CF5FCd41483BaDc","price":0.023344,"size":248038.0795537438,"isBuy":false}
{"kind":"order","ts":1784661580818,"orderId":"72673770","owner":"0xd0F8A6422CcdD812f29D8FB75CF5FCd41483BaDc","price":0.023442,"size":496076.1591074877,"isBuy":false}
{"kind":"order","ts":1784661580818,"orderId":"72673771","owner":"0x8Cf67893C236963233023B56AC56A185B042866F","price":0.023315,"size":21461,"isBuy":false}
{"kind":"order","ts":1784661580818,"orderId":"72673772","owner":"0x8Cf67893C236963233023B56AC56A185B042866F","price":0.023306,"size":21461,"isBuy":true}
{"kind":"order","ts":1784661581548,"orderId":"72673773","owner":"0x2b46C08Ca648e2334A1182D31228A79e2BEC1669","price":0.023306,"size":42895,"isBuy":true}
{"kind":"order","ts":1784661581553,"orderId":"72673774","owner":"0x2b46C08Ca648e2334A1182D31228A79e2BEC1669","price":0.023309,"size":42895,"isBuy":false}
{"kind":"order","ts":1784661581553,"orderId":"72673775","owner":"0x2b46C08Ca648e2334A1182D31228A79e2BEC1669","price":0.0233,"size":21447,"isBuy":true}
{"kind":"order","ts":1784661581553,"orderId":"72673776","owner":"0x2b46C08Ca648e2334A1182D31228A79e2BEC1669","price":0.023315,"size":21447,"isBuy":false}
{"kind":"order","ts":1784661583577,"orderId":"72673777","owner":"0x2b46C08Ca648e2334A1182D31228A79e2BEC1669","price":0.023306,"size":42895,"isBuy":true}
{"kind":"order","ts":1784661584136,"orderId":"72673778","owner":"0x2b46C08Ca648e2334A1182D31228A79e2BEC1669","price":0.023309,"size":42895,"isBuy":false}
{"kind":"trade","ts":1784661584395,"orderId":"72673772","isBuy":false,"price":0.023306,"updatedSize":0.6695897197,"filledSize":21460.3304102803,"taker":"0x0d91b0e1fa8aa09088e74f5746bf1e8d66450b15","maker":"0x8Cf67893C236963233023B56AC56A185B042866F"}
{"kind":"order","ts":1784661585185,"orderId":"72673779","owner":"0x8Cf67893C236963233023B56AC56A185B042866F","price":0.023313,"size":21461,"isBuy":false}
{"kind":"order","ts":1784661585225,"orderId":"72673780","owner":"0x8Cf67893C236963233023B56AC56A185B042866F","price":0.023303,"size":21461,"isBuy":true}
{"kind":"order","ts":1784661585598,"orderId":"72673781","owner":"0x2b46C08Ca648e2334A1182D31228A79e2BEC1669","price":0.023306,"size":42895,"isBuy":true}
{"kind":"order","ts":1784661585602,"orderId":"72673782","owner":"0x2b46C08Ca648e2334A1182D31228A79e2BEC1669","price":0.023309,"size":42895,"isBuy":false}
{"kind":"order","ts":1784661585602,"orderId":"72673783","owner":"0x8Cf67893C236963233023B56AC56A185B042866F","price":0.023305,"size":21461,"isBuy":true}
{"kind":"order","ts":1784661587196,"orderId":"72673784","owner":"0xd0F8A6422CcdD812f29D8FB75CF5FCd41483BaDc","price":0.023297,"size":9920.5203569283,"isBuy":true}
{"kind":"order","ts":1784661587197,"orderId":"72673785","owner":"0xd0F8A6422CcdD812f29D8FB75CF5FCd41483BaDc","price":0.023288,"size":24801.3008923208,"isBuy":true}
{"kind":"order","ts":1784661587197,"orderId":"72673786","owner":"0xd0F8A6422CcdD812f29D8FB75CF5FCd41483BaDc","price":0.023258,"size":248013.0089232089,"isBuy":true}
{"kind":"order","ts":1784661587197,"orderId":"72673787","owner":"0xd0F8A6422CcdD812f29D8FB75CF5FCd41483BaDc","price":0.023092,"size":496026.0178464178,"isBuy":true}
{"kind":"order","ts":1784661587212,"orderId":"72673788","owner":"0xd0F8A6422CcdD812f29D8FB75CF5FCd41483BaDc","price":0.023324,"size":9920.5203569283,"isBuy":false}
{"kind":"order","ts":1784661587214,"orderId":"72673789","owner":"0xd0F8A6422CcdD812f29D8FB75CF5FCd41483BaDc","price":0.023329,"size":24801.3008923208,"isBuy":false}
{"kind":"order","ts":1784661587214,"orderId":"72673790","owner":"0xd0F8A6422CcdD812f29D8FB75CF5FCd41483BaDc","price":0.023347,"size":248013.0089232089,"isBuy":false}
{"kind":"order","ts":1784661587225,"orderId":"72673791","owner":"0xd0F8A6422CcdD812f29D8FB75CF5FCd41483BaDc","price":0.023446,"size":496026.0178464178,"isBuy":false}
{"kind":"order","ts":1784661587569,"orderId":"72673792","owner":"0x2b46C08Ca648e2334A1182D31228A79e2BEC1669","price":0.023311,"size":42886,"isBuy":true}
{"kind":"order","ts":1784661587573,"orderId":"72673793","owner":"0x2b46C08Ca648e2334A1182D31228A79e2BEC1669","price":0.023313,"size":42886,"isBuy":false}
{"kind":"order","ts":1784661587573,"orderId":"72673794","owner":"0x2b46C08Ca648e2334A1182D31228A79e2BEC1669","price":0.023304,"size":21443,"isBuy":true}
{"kind":"order","ts":1784661587573,"orderId":"72673795","owner":"0x2b46C08Ca648e2334A1182D31228A79e2BEC1669","price":0.023319,"size":21443,"isBuy":false}
{"kind":"order","ts":1784661587584,"orderId":"72673796","owner":"0x8Cf67893C236963233023B56AC56A185B042866F","price":0.023308,"size":21461,"isBuy":true}
{"kind":"order","ts":1784661587584,"orderId":"72673797","owner":"0x8Cf67893C236963233023B56AC56A185B042866F","price":0.023316,"size":21461,"isBuy":false}
{"kind":"order","ts":1784661588400,"orderId":"72673798","owner":"0x8Cf67893C236963233023B56AC56A185B042866F","price":0.02331,"size":21461,"isBuy":true}
{"kind":"order","ts":1784661588402,"orderId":"72673799","owner":"0x8Cf67893C236963233023B56AC56A185B042866F","price":0.023318,"size":21461,"isBuy":false}
{"kind":"trade","ts":1784661588771,"orderId":"72673798","isBuy":false,"price":0.02331,"updatedSize":20304.1432694046,"filledSize":1156.8567305954,"taker":"0x1c1823f6021E5Cf930B8223305321042a5a2BB0e","maker":"0x8Cf67893C236963233023B56AC56A185B042866F"}
{"kind":"order","ts":1784661589246,"orderId":"72673800","owner":"0xd0F8A6422CcdD812f29D8FB75CF5FCd41483BaDc","price":0.023295,"size":9920.5203569283,"isBuy":true}
{"kind":"order","ts":1784661589250,"orderId":"72673801","owner":"0xd0F8A6422CcdD812f29D8FB75CF5FCd41483BaDc","price":0.023286,"size":24801.3008923208,"isBuy":true}
{"kind":"order","ts":1784661589250,"orderId":"72673802","owner":"0xd0F8A6422CcdD812f29D8FB75CF5FCd41483BaDc","price":0.023256,"size":248013.0089232089,"isBuy":true}
{"kind":"order","ts":1784661589250,"orderId":"72673803","owner":"0xd0F8A6422CcdD812f29D8FB75CF5FCd41483BaDc","price":0.023091,"size":496026.0178464178,"isBuy":true}
{"kind":"order","ts":1784661589264,"orderId":"72673804","owner":"0xd0F8A6422CcdD812f29D8FB75CF5FCd41483BaDc","price":0.023318,"size":9920.5203569283,"isBuy":false}
{"kind":"order","ts":1784661589266,"orderId":"72673805","owner":"0xd0F8A6422CcdD812f29D8FB75CF5FCd41483BaDc","price":0.023324,"size":24801.3008923208,"isBuy":false}
{"kind":"order","ts":1784661589266,"orderId":"72673806","owner":"0xd0F8A6422CcdD812f29D8FB75CF5FCd41483BaDc","price":0.023342,"size":248013.0089232089,"isBuy":false}
{"kind":"order","ts":1784661589285,"orderId":"72673807","owner":"0xd0F8A6422CcdD812f29D8FB75CF5FCd41483BaDc","price":0.02344,"size":496026.0178464178,"isBuy":false}
{"kind":"order","ts":1784661589285,"orderId":"72673808","owner":"0x8Cf67893C236963233023B56AC56A185B042866F","price":0.023307,"size":21461,"isBuy":true}
{"kind":"order","ts":1784661589285,"orderId":"72673809","owner":"0x8Cf67893C236963233023B56AC56A185B042866F","price":0.023316,"size":21461,"isBuy":false}
{"kind":"order","ts":1784661589798,"orderId":"72673810","owner":"0x2b46C08Ca648e2334A1182D31228A79e2BEC1669","price":0.023309,"size":42889,"isBuy":true}
{"kind":"order","ts":1784661589800,"orderId":"72673811","owner":"0x2b46C08Ca648e2334A1182D31228A79e2BEC1669","price":0.023312,"size":42889,"isBuy":false}
{"kind":"order","ts":1784661589800,"orderId":"72673812","owner":"0x2b46C08Ca648e2334A1182D31228A79e2BEC1669","price":0.023303,"size":21444,"isBuy":true}
{"kind":"order","ts":1784661589800,"orderId":"72673813","owner":"0x2b46C08Ca648e2334A1182D31228A79e2BEC1669","price":0.023318,"size":21444,"isBuy":false}
{"kind":"order","ts":1784661589815,"orderId":"72673814","owner":"0x8Cf67893C236963233023B56AC56A185B042866F","price":0.023302,"size":21461,"isBuy":true}
{"kind":"order","ts":1784661589815,"orderId":"72673815","owner":"0x8Cf67893C236963233023B56AC56A185B042866F","price":0.023311,"size":21461,"isBuy":false}
{"kind":"order","ts":1784661591747,"orderId":"72673816","owner":"0x2b46C08Ca648e2334A1182D31228A79e2BEC1669","price":0.023309,"size":42889,"isBuy":true}
{"kind":"order","ts":1784661591748,"orderId":"72673817","owner":"0x2b46C08Ca648e2334A1182D31228A79e2BEC1669","price":0.023312,"size":42889,"isBuy":false}
{"kind":"order","ts":1784661593640,"orderId":"72673818","owner":"0x2b46C08Ca648e2334A1182D31228A79e2BEC1669","price":0.023309,"size":42889,"isBuy":true}
{"kind":"order","ts":1784661593640,"orderId":"72673819","owner":"0x2b46C08Ca648e2334A1182D31228A79e2BEC1669","price":0.023312,"size":42889,"isBuy":false}
{"kind":"order","ts":1784661595640,"orderId":"72673820","owner":"0x2b46C08Ca648e2334A1182D31228A79e2BEC1669","price":0.02331,"size":42888,"isBuy":true}
{"kind":"order","ts":1784661595641,"orderId":"72673821","owner":"0x2b46C08Ca648e2334A1182D31228A79e2BEC1669","price":0.023312,"size":42888,"isBuy":false}
{"kind":"order","ts":1784661595641,"orderId":"72673822","owner":"0x2b46C08Ca648e2334A1182D31228A79e2BEC1669","price":0.023304,"size":21444,"isBuy":true}
{"kind":"order","ts":1784661595641,"orderId":"72673823","owner":"0x2b46C08Ca648e2334A1182D31228A79e2BEC1669","price":0.023319,"size":21444,"isBuy":false}
{"kind":"order","ts":1784661597645,"orderId":"72673824","owner":"0x2b46C08Ca648e2334A1182D31228A79e2BEC1669","price":0.02331,"size":42888,"isBuy":true}
{"kind":"order","ts":1784661597647,"orderId":"72673825","owner":"0x2b46C08Ca648e2334A1182D31228A79e2BEC1669","price":0.023312,"size":42888,"isBuy":false}
{"kind":"order","ts":1784661600041,"orderId":"72673826","owner":"0x2b46C08Ca648e2334A1182D31228A79e2BEC1669","price":0.02331,"size":42888,"isBuy":true}
