{"kind":"order","ts":1784653915605,"orderId":"72643886","owner":"0x2b46C08Ca648e2334A1182D31228A79e2BEC1669","price":0.022886,"size":43696,"isBuy":true}
{"kind":"order","ts":1784653915606,"orderId":"72643887","owner":"0x2b46C08Ca648e2334A1182D31228A79e2BEC1669","price":0.022891,"size":43696,"isBuy":false}
{"kind":"order","ts":1784653915606,"orderId":"72643888","owner":"0x2b46C08Ca648e2334A1182D31228A79e2BEC1669","price":0.02288,"size":21848,"isBuy":true}
{"kind":"order","ts":1784653915606,"orderId":"72643889","owner":"0x2b46C08Ca648e2334A1182D31228A79e2BEC1669","price":0.022895,"size":21848,"isBuy":false}
{"kind":"order","ts":1784653917600,"orderId":"72643890","owner":"0x2b46C08Ca648e2334A1182D31228A79e2BEC1669","price":0.022886,"size":43696,"isBuy":true}
{"kind":"order","ts":1784653917603,"orderId":"72643891","owner":"0x2b46C08Ca648e2334A1182D31228A79e2BEC1669","price":0.022891,"size":43696,"isBuy":false}
{"kind":"order","ts":1784653920012,"orderId":"72643892","owner":"0x2b46C08Ca648e2334A1182D31228A79e2BEC1669","price":0.022886,"size":43696,"isBuy":true}
{"kind":"order","ts":1784653920012,"orderId":"72643893","owner":"0x2b46C08Ca648e2334A1182D31228A79e2BEC1669","price":0.022891,"size":43696,"isBuy":false}
{"kind":"order","ts":1784653920428,"orderId":"72643894","owner":"0x8Cf67893C236963233023B56AC56A185B042866F","price":0.022879,"size":21844,"isBuy":true}
{"kind":"order","ts":1784653920867,"orderId":"72643895","owner":"0xd0F8A6422CcdD812f29D8FB75CF5FCd41483BaDc","price":0.022875,"size":10010.1384271038,"isBuy":true}
{"kind":"order","ts":1784653920867,"orderId":"72643896","owner":"0xd0F8A6422CcdD812f29D8FB75CF5FCd41483BaDc","price":0.022871,"size":25025.3460677595,"isBuy":true}
{"kind":"order","ts":1784653920868,"orderId":"72643897","owner":"0xd0F8A6422CcdD812f29D8FB75CF5FCd41483BaDc","price":0.022856,"size":250253.4606775956,"isBuy":true}
{"kind":"order","ts":1784653920868,"orderId":"72643898","owner":"0xd0F8A6422CcdD812f29D8FB75CF5FCd41483BaDc","price":0.022776,"size":500506.9213551912,"isBuy":true}
{"kind":"order","ts":1784653920879,"orderId":"72643899","owner":"0xd0F8A6422CcdD812f29D8FB75CF5FCd41483BaDc","price":0.022903,"size":10010.1384271038,"isBuy":false}
{"kind":"order","ts":1784653920880,"orderId":"72643900","owner":"0xd0F8A6422CcdD812f29D8FB75CF5FCd41483BaDc","price":0.022913,"size":25025.3460677595,"isBuy":false}
{"kind":"order","ts":1784653920880,"orderId":"72643901","owner":"0xd0F8A6422CcdD812f29D8FB75CF5FCd41483BaDc","price":0.022946,"size":250253.4606775956,"isBuy":false}
{"kind":"order","ts":1784653920889,"orderId":"72643902","owner":"0xd0F8A6422CcdD812f29D8FB75CF5FCd41483BaDc","price":0.023128,"size":500506.9213551912,"isBuy":false}
{"kind":"order","ts":1784653921688,"orderId":"72643903","owner":"0xd0F8A6422CcdD812f29D8FB75CF5FCd41483BaDc","price":0.022869,"size":10010.1384271038,"isBuy":true}
{"kind":"order","ts":1784653921688,"orderId":"72643904","owner":"0xd0F8A6422CcdD812f29D8FB75CF5FCd41483BaDc","price":0.022865,"size":25025.3460677595,"isBuy":true}
{"kind":"order","ts":1784653921692,"orderId":"72643905","owner":"0xd0F8A6422CcdD812f29D8FB75CF5FCd41483BaDc","price":0.02285,"size":250253.4606775956,"isBuy":true}
{"kind":"order","ts":1784653921692,"orderId":"72643906","owner":"0xd0F8A6422CcdD812f29D8FB75CF5FCd41483BaDc","price":0.02277,"size":500506.9213551912,"isBuy":true}
{"kind":"order","ts":1784653921692,"orderId":"72643907","owner":"0xd0F8A6422CcdD812f29D8FB75CF5FCd41483BaDc","price":0.022903,"size":10010.1384271038,"isBuy":false}
{"kind":"order","ts":1784653921692,"orderId":"72643908","owner":"0xd0F8A6422CcdD812f29D8FB75CF5FCd41483BaDc","price":0.022913,"size":25025.3460677595,"isBuy":false}
{"kind":"order","ts":1784653921692,"orderId":"72643909","owner":"0xd0F8A6422CcdD812f29D8FB75CF5FCd41483BaDc","price":0.022946,"size":250253.4606775956,"isBuy":false}
{"kind":"order","ts":1784653921693,"orderId":"72643910","owner":"0xd0F8A6422CcdD812f29D8FB75CF5FCd41483BaDc","price":0.023128,"size":500506.9213551912,"isBuy":false}
{"kind":"order","ts":1784653922065,"orderId":"72643911","owner":"0x2b46C08Ca648e2334A1182D31228A79e2BEC1669","price":0.022886,"size":43697,"isBuy":true}
{"kind":"order","ts":1784653922068,"orderId":"72643912","owner":"0x2b46C08Ca648e2334A1182D31228A79e2BEC1669","price":0.022891,"size":43697,"isBuy":false}
{"kind":"order","ts":1784653924196,"orderId":"72643913","owner":"0x8Cf67893C236963233023B56AC56A185B042866F","price":0.022886,"size":21844,"isBuy":false}
{"kind":"order","ts":1784653924936,"orderId":"72643914","owner":"0x2b46C08Ca648e2334A1182D31228A79e2BEC1669","price":0.022886,"size":21853,"isBuy":true}
{"kind":"order","ts":1784653924936,"orderId":"72643915","owner":"0x2b46C08Ca648e2334A1182D31228A79e2BEC1669","price":0.022891,"size":43697,"isBuy":false}
{"kind":"order","ts":1784653924936,"orderId":"72643916","owner":"0x8Cf67893C236963233023B56AC56A185B042866F","price":0.022888,"size":21844,"isBuy":false}
{"kind":"trade","ts":1784653924938,"orderId":"72643913","isBuy":true,"price":0.022886,"updatedSize":0,"filledSize":21844,"taker":"0x2b46C08Ca648e2334A1182D31228A79e2BEC1669","maker":"0x8Cf67893C236963233023B56AC56A185B042866F"}
{"kind":"order","ts":1784653924939,"orderId":"72643917","owner":"0x8Cf67893C236963233023B56AC56A185B042866F","price":0.022881,"size":21844,"isBuy":true}
{"kind":"order","ts":1784653925669,"orderId":"72643918","owner":"0x2b46C08Ca648e2334A1182D31228A79e2BEC1669","price":0.022885,"size":43697,"isBuy":true}
{"kind":"order","ts":1784653925670,"orderId":"72643919","owner":"0x2b46C08Ca648e2334A1182D31228A79e2BEC1669","price":0.022888,"size":43697,"isBuy":false}
{"kind":"order","ts":1784653925670,"orderId":"72643920","owner":"0x2b46C08Ca648e2334A1182D31228A79e2BEC1669","price":0.022879,"size":21848,"isBuy":true}
{"kind":"order","ts":1784653925670,"orderId":"72643921","owner":"0x2b46C08Ca648e2334A1182D31228A79e2BEC1669","price":0.022894,"size":21848,"isBuy":false}
{"kind":"order","ts":1784653927304,"orderId":"72643922","owner":"0x2b46C08Ca648e2334A1182D31228A79e2BEC1669","price":0.022885,"size":43697,"isBuy":true}
{"kind":"order","ts":1784653927305,"orderId":"72643923","owner":"0x2b46C08Ca648e2334A1182D31228A79e2BEC1669","price":0.022888,"size":43697,"isBuy":false}
{"kind":"order","ts":1784653929521,"orderId":"72643924","owner":"0x2b46C08Ca648e2334A1182D31228A79e2BEC1669","price":0.022885,"size":43698,"isBuy":true}
{"kind":"order","ts":1784653929521,"orderId":"72643925","owner":"0x2b46C08Ca648e2334A1182D31228A79e2BEC1669","price":0.022888,"size":43698,"isBuy":false}
{"kind":"order","ts":1784653933507,"orderId":"72643926","owner":"0x2b46C08Ca648e2334A1182D31228A79e2BEC1669","price":0.022885,"size":43698,"isBuy":true}
{"kind":"order","ts":1784653933507,"orderId":"72643927","owner":"0x2b46C08Ca648e2334A1182D31228A79e2BEC1669","price":0.022888,"size":43698,"isBuy":false}
{"kind":"order","ts":1784653933572,"orderId":"72643928","owner":"0x2b46C08Ca648e2334A1182D31228A79e2BEC1669","price":0.022885,"size":43698,"isBuy":true}
{"kind":"order","ts":1784653933573,"orderId":"72643929","owner":"0x2b46C08Ca648e2334A1182D31228A79e2BEC1669","price":0.022888,"size":43698,"isBuy":false}
{"kind":"order","ts":1784653940884,"orderId":"72643930","owner":"0x2b46C08Ca648e2334A1182D31228A79e2BEC1669","price":0.022884,"size":43699,"isBuy":true}
{"kind":"order","ts":1784653940885,"orderId":"72643931","owner":"0x2b46C08Ca648e2334A1182D31228A79e2BEC1669","price":0.022887,"size":43699,"isBuy":false}
{"kind":"order","ts":1784653940885,"orderId":"72643932","owner":"0x2b46C08Ca648e2334A1182D31228A79e2BEC1669","price":0.022878,"size":21849,"isBuy":true}
{"kind":"order","ts":1784653940885,"orderId":"72643933","owner":"0x2b46C08Ca648e2334A1182D31228A79e2BEC1669","price":0.022893,"size":21849,"isBuy":false}
{"kind":"order","ts":1784653942889,"orderId":"72643934","owner":"0x2b46C08Ca648e2334A1182D31228A79e2BEC1669","price":0.022885,"size":43698,"isBuy":true}
{"kind":"order","ts":1784653942891,"orderId":"72643935","owner":"0x2b46C08Ca648e2334A1182D31228A79e2BEC1669","price":0.022887,"size":43698,"isBuy":false}
{"kind":"order","ts":1784653942891,"orderId":"72643936","owner":"0x2b46C08Ca648e2334A1182D31228A79e2BEC1669","price":0.022879,"size":21849,"isBuy":true}
{"kind":"order","ts":1784653943729,"orderId":"72643937","owner":"0xd0F8A6422CcdD812f29D8FB75CF5FCd41483BaDc","price":0.022866,"size":10010.1384271038,"isBuy":true}
{"kind":"order","ts":1784653943729,"orderId":"72643938","owner":"0xd0F8A6422CcdD812f29D8FB75CF5FCd41483BaDc","price":0.022861,"size":25025.3460677595,"isBuy":true}
{"kind":"order","ts":1784653943729,"orderId":"72643939","owner":"0xd0F8A6422CcdD812f29D8FB75CF5FCd41483BaDc","price":0.022846,"size":250253.4606775956,"isBuy":true}
{"kind":"order","ts":1784653943729,"orderId":"72643940","owner":"0xd0F8A6422CcdD812f29D8FB75CF5FCd41483BaDc","price":0.022766,"size":500506.9213551912,"isBuy":true}
{"kind":"order","ts":1784653943775,"orderId":"72643941","owner":"0xd0F8A6422CcdD812f29D8FB75CF5FCd41483BaDc","price":0.022899,"size":10010.1384271038,"isBuy":false}
{"kind":"order","ts":1784653943775,"orderId":"72643942","owner":"0xd0F8A6422CcdD812f29D8FB75CF5FCd41483BaDc","price":0.022909,"size":25025.3460677595,"isBuy":false}
{"kind":"order","ts":1784653943775,"orderId":"72643943","owner":"0xd0F8A6422CcdD812f29D8FB75CF5FCd41483BaDc","price":0.022942,"size":250253.4606775956,"isBuy":false}
{"kind":"order","ts":1784653943796,"orderId":"72643944","owner":"0xd0F8A6422CcdD812f29D8FB75CF5FCd41483BaDc","price":0.023125,"size":500506.9213551912,"isBuy":false}
{"kind":"order","ts":1784653943796,"orderId":"72643945","owner":"0x8Cf67893C236963233023B56AC56A185B042866F","price":0.022879,"size":21844,"isBuy":true}
{"kind":"order","ts":1784653945306,"orderId":"72643946","owner":"0x2b46C08Ca648e2334A1182D31228A79e2BEC1669","price":0.022884,"size":43699,"isBuy":true}
{"kind":"order","ts":1784653945306,"orderId":"72643947","owner":"0x2b46C08Ca648e2334A1182D31228A79e2BEC1669","price":0.022887,"size":43699,"isBuy":false}
{"kind":"order","ts":1784653945306,"orderId":"72643948","owner":"0x2b46C08Ca648e2334A1182D31228A79e2BEC1669","price":0.022878,"size":21849,"isBuy":true}
{"kind":"order","ts":1784653947763,"orderId":"72643949","owner":"0x2b46C08Ca648e2334A1182D31228A79e2BEC1669","price":0.022885,"size":43698,"isBuy":true}
{"kind":"order","ts":1784653947763,"orderId":"72643950","owner":"0x2b46C08Ca648e2334A1182D31228A79e2BEC1669","price":0.022887,"size":43698,"isBuy":false}
{"kind":"order","ts":1784653947763,"orderId":"72643951","owner":"0x2b46C08Ca648e2334A1182D31228A79e2BEC1669","price":0.022879,"size":21849,"isBuy":true}
{"kind":"order","ts":1784653948107,"orderId":"72643952","owner":"0x8Cf67893C236963233023B56AC56A185B042866F","price":0.022881,"size":21845,"isBuy":true}
{"kind":"order","ts":1784653949000,"orderId":"72643953","owner":"0x8Cf67893C236963233023B56AC56A185B042866F","price":0.022879,"size":21845,"isBuy":true}
{"kind":"order","ts":1784653949454,"orderId":"72643954","owner":"0x2b46C08Ca648e2334A1182D31228A79e2BEC1669","price":0.022884,"size":43700,"isBuy":true}
{"kind":"order","ts":1784653949457,"orderId":"72643955","owner":"0x2b46C08Ca648e2334A1182D31228A79e2BEC1669","price":0.022886,"size":43700,"isBuy":false}
{"kind":"order","ts":1784653949458,"orderId":"72643956","owner":"0x2b46C08Ca648e2334A1182D31228A79e2BEC1669","price":0.022878,"size":21850,"isBuy":true}
{"kind":"order","ts":1784653949458,"orderId":"72643957","owner":"0x2b46C08Ca648e2334A1182D31228A79e2BEC1669","price":0.022892,"size":21850,"isBuy":false}
{"kind":"order","ts":1784653950156,"orderId":"72643958","owner":"0x8Cf67893C236963233023B56AC56A185B042866F","price":0.022881,"size":21844,"isBuy":true}
{"kind":"order","ts":1784653951623,"orderId":"72643959","owner":"0x2b46C08Ca648e2334A1182D31228A79e2BEC1669","price":0.022884,"size":43700,"isBuy":true}
{"kind":"order","ts":1784653951623,"orderId":"72643960","owner":"0x2b46C08Ca648e2334A1182D31228A79e2BEC1669","price":0.022886,"size":43700,"isBuy":false}
{"kind":"order","ts":1784653951624,"orderId":"72643961","owner":"0x8Cf67893C236963233023B56AC56A185B042866F","price":0.022879,"size":21844,"isBuy":true}
{"kind":"order","ts":1784653954173,"orderId":"72643962","owner":"0x2b46C08Ca648e2334A1182D31228A79e2BEC1669","price":0.022884,"size":43700,"isBuy":true}
{"kind":"order","ts":1784653954173,"orderId":"72643963","owner":"0x2b46C08Ca648e2334A1182D31228A79e2BEC1669","price":0.022886,"size":43700,"isBuy":false}
{"kind":"order","ts":1784653955344,"orderId":"72643964","owner":"0x2b46C08Ca648e2334A1182D31228A79e2BEC1669","price":0.022884,"size":43700,"isBuy":true}
{"kind":"order","ts":1784653955344,"orderId":"72643965","owner":"0x2b46C08Ca648e2334A1182D31228A79e2BEC1669","price":0.022886,"size":43700,"isBuy":false}
{"kind":"order","ts":1784653957742,"orderId":"72643966","owner":"0x2b46C08Ca648e2334A1182D31228A79e2BEC1669","price":0.022884,"size":43700,"isBuy":true}
{"kind":"order","ts":1784653957755,"orderId":"72643967","owner":"0x2b46C08Ca648e2334A1182D31228A79e2BEC1669","price":0.022886,"size":43700,"isBuy":false}
{"kind":"order","ts":1784653957755,"orderId":"72643968","owner":"0x2b46C08Ca648e2334A1182D31228A79e2BEC1669","price":0.022878,"size":21850,"isBuy":true}
{"kind":"order","ts":1784653957755,"orderId":"72643969","owner":"0x2b46C08Ca648e2334A1182D31228A79e2BEC1669","price":0.022892,"size":21850,"isBuy":false}
{"kind":"order","ts":1784653959793,"orderId":"72643970","owner":"0x2b46C08Ca648e2334A1182D31228A79e2BEC1669","price":0.022884,"size":43699,"isBuy":true}
{"kind":"order","ts":1784653959796,"orderId":"72643971","owner":"0x2b46C08Ca648e2334A1182D31228A79e2BEC1669","price":0.022887,"size":43699,"isBuy":false}
{"kind":"order","ts":1784653959797,"orderId":"72643972","owner":"0x2b46C08Ca648e2334A1182D31228A79e2BEC1669","price":0.022878,"size":21849,"isBuy":true}
{"kind":"order","ts":1784653959797,"orderId":"72643973","owner":"0x2b46C08Ca648e2334A1182D31228A79e2BEC1669","price":0.022893,"size":21849,"isBuy":false}
{"kind":"order","ts":1784653961979,"orderId":"72643974","owner":"0x2b46C08Ca648e2334A1182D31228A79e2BEC1669","price":0.022884,"size":43699,"isBuy":true}
{"kind":"order","ts":1784653961981,"orderId":"72643975","owner":"0x2b46C08Ca648e2334A1182D31228A79e2BEC1669","price":0.022887,"size":43699,"isBuy":false}
{"kind":"order","ts":1784653963785,"orderId":"72643976","owner":"0x2b46C08Ca648e2334A1182D31228A79e2BEC1669","price":0.022884,"size":43699,"isBuy":true}
{"kind":"order","ts":1784653963786,"orderId":"72643977","owner":"0x2b46C08Ca648e2334A1182D31228A79e2BEC1669","price":0.022887,"size":43699,"isBuy":false}
{"kind":"order","ts":1784653965794,"orderId":"72643978","owner":"0x2b46C08Ca648e2334A1182D31228A79e2BEC1669","price":0.022885,"size":43698,"isBuy":true}
{"kind":"order","ts":1784653965794,"orderId":"72643979","owner":"0x2b46C08Ca648e2334A1182D31228A79e2BEC1669","price":0.022887,"size":43698,"isBuy":false}
{"kind":"order","ts":1784653965795,"orderId":"72643980","owner":"0x2b46C08Ca648e2334A1182D31228A79e2BEC1669","price":0.022879,"size":21849,"isBuy":true}
{"kind":"order","ts":1784653967827,"orderId":"72643981","owner":"0x2b46C08Ca648e2334A1182D31228A79e2BEC1669","price":0.022885,"size":43698,"isBuy":true}
{"kind":"order","ts":1784653967833,"orderId":"72643982","owner":"0x2b46C08Ca648e2334A1182D31228A79e2BEC1669","price":0.022887,"size":43698,"isBuy":false}
{"kind":"order","ts":1784653970196,"orderId":"72643983","owner":"0x2b46C08Ca648e2334A1182D31228A79e2BEC1669","price":0.022885,"size":43698,"isBuy":true}
{"kind":"order","ts":1784653970198,"orderId":"72643984","owner":"0x2b46C08Ca648e2334A1182D31228A79e2BEC1669","price":0.022887,"size":43698,"isBuy":false}
{"kind":"order","ts":1784653972213,"orderId":"72643985","owner":"0x2b46C08Ca648e2334A1182D31228A79e2BEC1669","price":0.022885,"size":43698,"isBuy":true}
{"kind":"order","ts":1784653972214,"orderId":"72643986","owner":"0x2b46C08Ca648e2334A1182D31228A79e2BEC1669","price":0.022887,"size":43698,"isBuy":false}
{"kind":"order","ts":1784653974236,"orderId":"72643987","owner":"0x2b46C08Ca648e2334A1182D31228A79e2BEC1669","price":0.022883,"size":43701,"isBuy":true}
{"kind":"order","ts":1784653974236,"orderId":"72643988","owner":"0x2b46C08Ca648e2334A1182D31228A79e2BEC1669","price":0.022886,"size":43701,"isBuy":false}
{"kind":"order","ts":1784653974236,"orderId":"72643989","owner":"0x2b46C08Ca648e2334A1182D31228A79e2BEC1669","price":0.022877,"size":21850,"isBuy":true}
{"kind":"order","ts":1784653974237,"orderId":"72643990","owner":"0x2b46C08Ca648e2334A1182D31228A79e2BEC1669","price":0.022892,"size":21850,"isBuy":false}
{"kind":"order","ts":1784653976255,"orderId":"72643991","owner":"0x2b46C08Ca648e2334A1182D31228A79e2BEC1669","price":0.022884,"size":43699,"isBuy":true}
{"kind":"order","ts":1784653976255,"orderId":"72643992","owner":"0x2b46C08Ca648e2334A1182D31228A79e2BEC1669","price":0.022887,"size":43699,"isBuy":false}
{"kind":"order","ts":1784653976255,"orderId":"72643993","owner":"0x2b46C08Ca648e2334A1182D31228A79e2BEC1669","price":0.022878,"size":21849,"isBuy":true}
{"kind":"order","ts":1784653976255,"orderId":"72643994","owner":"0x2b46C08Ca648e2334A1182D31228A79e2BEC1669","price":0.022893,"size":21849,"isBuy":false}
{"kind":"order","ts":1784653977985,"orderId":"72643995","owner":"0x8Cf67893C236963233023B56AC56A185B042866F","price":0.022875,"size":21844,"isBuy":true}
{"kind":"order","ts":1784653977986,"orderId":"72643996","owner":"0x8Cf67893C236963233023B56AC56A185B042866F","price":0.022883,"size":21844,"isBuy":false}
{"kind":"order","ts":1784653978693,"orderId":"72643997","owner":"0x2b46C08Ca648e2334A1182D31228A79e2BEC1669","price":0.022884,"size":21855,"isBuy":true}
{"kind":"order","ts":1784653978693,"orderId":"72643998","owner":"0x2b46C08Ca648e2334A1182D31228A79e2BEC1669","price":0.022887,"size":43699,"isBuy":false}
{"kind":"trade","ts":1784653978694,"orderId":"72643996","isBuy":true,"price":0.022883,"updatedSize":0,"filledSize":21844,"taker":"0x2b46C08Ca648e2334A1182D31228A79e2BEC1669","maker":"0x8Cf67893C236963233023B56AC56A185B042866F"}
{"kind":"order","ts":1784653978694,"orderId":"72643999","owner":"0x8Cf67893C236963233023B56AC56A185B042866F","price":0.022884,"size":21844,"isBuy":false}
{"kind":"order","ts":1784653979037,"orderId":"72644000","owner":"0x8Cf67893C236963233023B56AC56A185B042866F","price":0.022877,"size":21844,"isBuy":true}
{"kind":"order","ts":1784653980287,"orderId":"72644001","owner":"0x2b46C08Ca648e2334A1182D31228A79e2BEC1669","price":0.022882,"size":43701,"isBuy":true}
{"kind":"order","ts":1784653980289,"orderId":"72644002","owner":"0x2b46C08Ca648e2334A1182D31228A79e2BEC1669","price":0.022885,"size":43701,"isBuy":false}
{"kind":"order","ts":1784653980289,"orderId":"72644003","owner":"0x2b46C08Ca648e2334A1182D31228A79e2BEC1669","price":0.022876,"size":21850,"isBuy":true}
{"kind":"order","ts":1784653980289,"orderId":"72644004","owner":"0x2b46C08Ca648e2334A1182D31228A79e2BEC1669","price":0.022891,"size":21850,"isBuy":false}
{"kind":"order","ts":1784653982295,"orderId":"72644005","owner":"0x2b46C08Ca648e2334A1182D31228A79e2BEC1669","price":0.022883,"size":43700,"isBuy":true}
{"kind":"order","ts":1784653982297,"orderId":"72644006","owner":"0x2b46C08Ca648e2334A1182D31228A79e2BEC1669","price":0.022886,"size":43700,"isBuy":false}
{"kind":"order","ts":1784653982298,"orderId":"72644007","owner":"0x2b46C08Ca648e2334A1182D31228A79e2BEC1669","price":0.022877,"size":21850,"isBuy":true}
{"kind":"order","ts":1784653982298,"orderId":"72644008","owner":"0x2b46C08Ca648e2334A1182D31228A79e2BEC1669","price":0.022892,"size":21850,"isBuy":false}
{"kind":"order","ts":1784653984281,"orderId":"72644009","owner":"0xd0F8A6422CcdD812f29D8FB75CF5FCd41483BaDc","price":0.02286,"size":10010.1384271038,"isBuy":true}
{"kind":"order","ts":1784653984281,"orderId":"72644010","owner":"0xd0F8A6422CcdD812f29D8FB75CF5FCd41483BaDc","price":0.022856,"size":25025.3460677595,"isBuy":true}
{"kind":"order","ts":1784653984281,"orderId":"72644011","owner":"0xd0F8A6422CcdD812f29D8FB75CF5FCd41483BaDc","price":0.022841,"size":250253.4606775956,"isBuy":true}
{"kind":"order","ts":1784653984282,"orderId":"72644012","owner":"0xd0F8A6422CcdD812f29D8FB75CF5FCd41483BaDc","price":0.02276,"size":500506.9213551912,"isBuy":true}
{"kind":"order","ts":1784653984283,"orderId":"72644013","owner":"0xd0F8A6422CcdD812f29D8FB75CF5FCd41483BaDc","price":0.022896,"size":10010.1384271038,"isBuy":false}
{"kind":"order","ts":1784653984284,"orderId":"72644014","owner":"0xd0F8A6422CcdD812f29D8FB75CF5FCd41483BaDc","price":0.022906,"size":25025.3460677595,"isBuy":false}
{"kind":"order","ts":1784653984285,"orderId":"72644015","owner":"0xd0F8A6422CcdD812f29D8FB75CF5FCd41483BaDc","price":0.022939,"size":250253.4606775956,"isBuy":false}
{"kind":"order","ts":1784653984299,"orderId":"72644016","owner":"0xd0F8A6422CcdD812f29D8FB75CF5FCd41483BaDc","price":0.023121,"size":500506.9213551912,"isBuy":false}
{"kind":"order","ts":1784653984769,"orderId":"72644017","owner":"0x2b46C08Ca648e2334A1182D31228A79e2BEC1669","price":0.022881,"size":43704,"isBuy":true}
{"kind":"order","ts":1784653984771,"orderId":"72644018","owner":"0x2b46C08Ca648e2334A1182D31228A79e2BEC1669","price":0.022884,"size":43704,"isBuy":false}
{"kind":"order","ts":1784653984771,"orderId":"72644019","owner":"0x2b46C08Ca648e2334A1182D31228A79e2BEC1669","price":0.022875,"size":21852,"isBuy":true}
{"kind":"order","ts":1784653984771,"orderId":"72644020","owner":"0x2b46C08Ca648e2334A1182D31228A79e2BEC1669","price":0.02289,"size":21852,"isBuy":false}
{"kind":"order","ts":1784653984780,"orderId":"72644021","owner":"0x2b46C08Ca648e2334A1182D31228A79e2BEC1669","price":0.022874,"size":43717,"isBuy":true}
{"kind":"order","ts":1784653984781,"orderId":"72644022","owner":"0x2b46C08Ca648e2334A1182D31228A79e2BEC1669","price":0.022877,"size":21873,"isBuy":false}
{"kind":"order","ts":1784653984782,"orderId":"72644023","owner":"0x2b46C08Ca648e2334A1182D31228A79e2BEC1669","price":0.022868,"size":21858,"isBuy":true}
{"kind":"order","ts":1784653984792,"orderId":"72644024","owner":"0x2b46C08Ca648e2334A1182D31228A79e2BEC1669","price":0.022883,"size":21858,"isBuy":false}
{"kind":"order","ts":1784653984793,"orderId":"72644025","owner":"0x8Cf67893C236963233023B56AC56A185B042866F","price":0.022874,"size":21845,"isBuy":true}
{"kind":"order","ts":1784653984793,"orderId":"72644026","owner":"0x8Cf67893C236963233023B56AC56A185B042866F","price":0.022882,"size":21845,"isBuy":false}
{"kind":"trade","ts":1784653984803,"orderId":"72644000","isBuy":false,"price":0.022877,"updatedSize":0,"filledSize":21844,"taker":"0x2b46C08Ca648e2334A1182D31228A79e2BEC1669","maker":"0x8Cf67893C236963233023B56AC56A185B042866F"}
{"kind":"order","ts":1784653985662,"orderId":"72644027","owner":"0x8Cf67893C236963233023B56AC56A185B042866F","price":0.022867,"size":21844,"isBuy":true}
{"kind":"order","ts":1784653986285,"orderId":"72644028","owner":"0x2b46C08Ca648e2334A1182D31228A79e2BEC1669","price":0.022865,"size":43735,"isBuy":true}
{"kind":"order","ts":1784653986288,"orderId":"72644029","owner":"0x2b46C08Ca648e2334A1182D31228A79e2BEC1669","price":0.022868,"size":43735,"isBuy":false}
{"kind":"order","ts":1784653986289,"orderId":"72644030","owner":"0x2b46C08Ca648e2334A1182D31228A79e2BEC1669","price":0.022859,"size":21867,"isBuy":true}
{"kind":"order","ts":1784653986289,"orderId":"72644031","owner":"0x2b46C08Ca648e2334A1182D31228A79e2BEC1669","price":0.022874,"size":21867,"isBuy":false}
{"kind":"order","ts":1784653986692,"orderId":"72644032","owner":"0xd0F8A6422CcdD812f29D8FB75CF5FCd41483BaDc","price":0.022851,"size":10012.5241093374,"isBuy":true}
{"kind":"order","ts":1784653986695,"orderId":"72644033","owner":"0xd0F8A6422CcdD812f29D8FB75CF5FCd41483BaDc","price":0.022846,"size":25031.3102733435,"isBuy":true}
{"kind":"order","ts":1784653986695,"orderId":"72644034","owner":"0xd0F8A6422CcdD812f29D8FB75CF5FCd41483BaDc","price":0.022832,"size":250313.1027334354,"isBuy":true}
{"kind":"order","ts":1784653986695,"orderId":"72644035","owner":"0xd0F8A6422CcdD812f29D8FB75CF5FCd41483BaDc","price":0.022751,"size":500626.2054668708,"isBuy":true}
{"kind":"order","ts":1784653986716,"orderId":"72644036","owner":"0xd0F8A6422CcdD812f29D8FB75CF5FCd41483BaDc","price":0.022886,"size":10012.5241093374,"isBuy":false}
{"kind":"order","ts":1784653986716,"orderId":"72644037","owner":"0xd0F8A6422CcdD812f29D8FB75CF5FCd41483BaDc","price":0.022896,"size":25031.3102733435,"isBuy":false}
{"kind":"order","ts":1784653986716,"orderId":"72644038","owner":"0xd0F8A6422CcdD812f29D8FB75CF5FCd41483BaDc","price":0.022929,"size":250313.1027334354,"isBuy":false}
{"kind":"order","ts":1784653986731,"orderId":"72644039","owner":"0xd0F8A6422CcdD812f29D8FB75CF5FCd41483BaDc","price":0.023111,"size":500626.2054668708,"isBuy":false}
{"kind":"order","ts":1784653986731,"orderId":"72644040","owner":"0x8Cf67893C236963233023B56AC56A185B042866F","price":0.022865,"size":21844,"isBuy":true}
{"kind":"order","ts":1784653987137,"orderId":"72644041","owner":"0xd0F8A6422CcdD812f29D8FB75CF5FCd41483BaDc","price":0.022846,"size":10012.5241093374,"isBuy":true}
{"kind":"order","ts":1784653987139,"orderId":"72644042","owner":"0xd0F8A6422CcdD812f29D8FB75CF5FCd41483BaDc","price":0.022841,"size":25031.3102733435,"isBuy":true}
{"kind":"order","ts":1784653987139,"orderId":"72644043","owner":"0xd0F8A6422CcdD812f29D8FB75CF5FCd41483BaDc","price":0.022827,"size":250313.1027334354,"isBuy":true}
{"kind":"order","ts":1784653987139,"orderId":"72644044","owner":"0xd0F8A6422CcdD812f29D8FB75CF5FCd41483BaDc","price":0.022746,"size":500626.2054668708,"isBuy":true}
{"kind":"order","ts":1784653987148,"orderId":"72644045","owner":"0xd0F8A6422CcdD812f29D8FB75CF5FCd41483BaDc","price":0.022881,"size":10012.5241093374,"isBuy":false}
{"kind":"order","ts":1784653987148,"orderId":"72644046","owner":"0xd0F8A6422CcdD812f29D8FB75CF5FCd41483BaDc","price":0.022891,"size":25031.3102733435,"isBuy":false}
{"kind":"order","ts":1784653987149,"orderId":"72644047","owner":"0xd0F8A6422CcdD812f29D8FB75CF5FCd41483BaDc","price":0.022924,"size":250313.1027334354,"isBuy":false}
{"kind":"order","ts":1784653987159,"orderId":"72644048","owner":"0xd0F8A6422CcdD812f29D8FB75CF5FCd41483BaDc","price":0.023106,"size":500626.2054668708,"isBuy":false}
{"kind":"order","ts":1784653987159,"orderId":"72644049","owner":"0x2b46C08Ca648e2334A1182D31228A79e2BEC1669","price":0.022862,"size":43742,"isBuy":true}
{"kind":"order","ts":1784653987159,"orderId":"72644050","owner":"0x2b46C08Ca648e2334A1182D31228A79e2BEC1669","price":0.022865,"size":21898,"isBuy":false}
{"kind":"order","ts":1784653987169,"orderId":"72644051","owner":"0x2b46C08Ca648e2334A1182D31228A79e2BEC1669","price":0.022856,"size":21871,"isBuy":true}
{"kind":"order","ts":1784653987171,"orderId":"72644052","owner":"0x2b46C08Ca648e2334A1182D31228A79e2BEC1669","price":0.022871,"size":21871,"isBuy":false}
{"kind":"trade","ts":1784653987171,"orderId":"72644040","isBuy":false,"price":0.022865,"updatedSize":0,"filledSize":21844,"taker":"0x2b46C08Ca648e2334A1182D31228A79e2BEC1669","maker":"0x8Cf67893C236963233023B56AC56A185B042866F"}
{"kind":"order","ts":1784653987513,"orderId":"72644053","owner":"0xd0F8A6422CcdD812f29D8FB75CF5FCd41483BaDc","price":0.02284,"size":10014.9118792386,"isBuy":true}
{"kind":"order","ts":1784653987519,"orderId":"72644054","owner":"0xd0F8A6422CcdD812f29D8FB75CF5FCd41483BaDc","price":0.022835,"size":25037.2796980966,"isBuy":true}
{"kind":"order","ts":1784653987519,"orderId":"72644055","owner":"0xd0F8A6422CcdD812f29D8FB75CF5FCd41483BaDc","price":0.022821,"size":250372.7969809669,"isBuy":true}
{"kind":"order","ts":1784653987519,"orderId":"72644056","owner":"0xd0F8A6422CcdD812f29D8FB75CF5FCd41483BaDc","price":0.022741,"size":500745.5939619339,"isBuy":true}
{"kind":"order","ts":1784653987519,"orderId":"72644057","owner":"0xd0F8A6422CcdD812f29D8FB75CF5FCd41483BaDc","price":0.022876,"size":10014.9118792386,"isBuy":false}
{"kind":"order","ts":1784653987519,"orderId":"72644058","owner":"0xd0F8A6422CcdD812f29D8FB75CF5FCd41483BaDc","price":0.022886,"size":25037.2796980966,"isBuy":false}
{"kind":"order","ts":1784653987519,"orderId":"72644059","owner":"0xd0F8A6422CcdD812f29D8FB75CF5FCd41483BaDc","price":0.022919,"size":250372.7969809669,"isBuy":false}
{"kind":"order","ts":1784653987525,"orderId":"72644060","owner":"0xd0F8A6422CcdD812f29D8FB75CF5FCd41483BaDc","price":0.023101,"size":500745.5939619339,"isBuy":false}
{"kind":"order","ts":1784653987526,"orderId":"72644061","owner":"0x8Cf67893C236963233023B56AC56A185B042866F","price":0.022859,"size":21844,"isBuy":true}
{"kind":"trade","ts":1784653987526,"orderId":"72644052","isBuy":true,"price":0.022871,"updatedSize":20785.8336758341,"filledSize":1085.1663241659,"taker":"0x55e803351A65D5267da6b0AaC81beB944328710c","maker":"0x2b46C08Ca648e2334A1182D31228A79e2BEC1669"}
{"kind":"order","ts":1784653988320,"orderId":"72644062","owner":"0xd0F8A6422CcdD812f29D8FB75CF5FCd41483BaDc","price":0.022845,"size":10014.9118792386,"isBuy":true}
{"kind":"order","ts":1784653988320,"orderId":"72644063","owner":"0xd0F8A6422CcdD812f29D8FB75CF5FCd41483BaDc","price":0.022841,"size":25037.2796980966,"isBuy":true}
{"kind":"order","ts":1784653988321,"orderId":"72644064","owner":"0xd0F8A6422CcdD812f29D8FB75CF5FCd41483BaDc","price":0.022826,"size":250372.7969809669,"isBuy":true}
{"kind":"order","ts":1784653988321,"orderId":"72644065","owner":"0xd0F8A6422CcdD812f29D8FB75CF5FCd41483BaDc","price":0.022746,"size":500745.5939619339,"isBuy":true}
{"kind":"order","ts":1784653988321,"orderId":"72644066","owner":"0xd0F8A6422CcdD812f29D8FB75CF5FCd41483BaDc","price":0.022876,"size":10014.9118792386,"isBuy":false}
{"kind":"order","ts":1784653988322,"orderId":"72644067","owner":"0xd0F8A6422CcdD812f29D8FB75CF5FCd41483BaDc","price":0.022886,"size":25037.2796980966,"isBuy":false}
{"kind":"order","ts":1784653988322,"orderId":"72644068","owner":"0xd0F8A6422CcdD812f29D8FB75CF5FCd41483BaDc","price":0.022919,"size":250372.7969809669,"isBuy":false}
{"kind":"order","ts":1784653988329,"orderId":"72644069","owner":"0xd0F8A6422CcdD812f29D8FB75CF5FCd41483BaDc","price":0.023101,"size":500745.5939619339,"isBuy":false}
{"kind":"order","ts":1784653988331,"orderId":"72644070","owner":"0x2b46C08Ca648e2334A1182D31228A79e2BEC1669","price":0.022864,"size":43740,"isBuy":true}
{"kind":"order","ts":1784653988332,"orderId":"72644071","owner":"0x2b46C08Ca648e2334A1182D31228A79e2BEC1669","price":0.022868,"size":43740,"isBuy":false}
{"kind":"order","ts":1784653988349,"orderId":"72644072","owner":"0x2b46C08Ca648e2334A1182D31228A79e2BEC1669","price":0.022858,"size":21870,"isBuy":true}
{"kind":"order","ts":1784653988349,"orderId":"72644073","owner":"0x2b46C08Ca648e2334A1182D31228A79e2BEC1669","price":0.022872,"size":21870,"isBuy":false}
{"kind":"order","ts":1784653988349,"orderId":"72644074","owner":"0x8Cf67893C236963233023B56AC56A185B042866F","price":0.022857,"size":21863,"isBuy":true}
{"kind":"order","ts":1784653988355,"orderId":"72644075","owner":"0x8Cf67893C236963233023B56AC56A185B042866F","price":0.022865,"size":21863,"isBuy":false}
{"kind":"order","ts":1784653989020,"orderId":"72644076","owner":"0x2b46C08Ca648e2334A1182D31228A79e2BEC1669","price":0.022866,"size":40979.8403236387,"isBuy":true}
{"kind":"order","ts":1784653989022,"orderId":"72644077","owner":"0x2b46C08Ca648e2334A1182D31228A79e2BEC1669","price":0.022871,"size":43734,"isBuy":false}
{"kind":"order","ts":1784653989022,"orderId":"72644078","owner":"0x2b46C08Ca648e2334A1182D31228A79e2BEC1669","price":0.02286,"size":21867,"isBuy":true}
{"kind":"order","ts":1784653989022,"orderId":"72644079","owner":"0x2b46C08Ca648e2334A1182D31228A79e2BEC1669","price":0.022875,"size":21867,"isBuy":false}
{"kind":"order","ts":1784653989022,"orderId":"72644080","owner":"0x8Cf67893C236963233023B56AC56A185B042866F","price":0.022861,"size":21863,"isBuy":true}
{"kind":"order","ts":1784653989022,"orderId":"72644081","owner":"0x8Cf67893C236963233023B56AC56A185B042866F","price":0.022869,"size":21863,"isBuy":false}
{"kind":"trade","ts":1784653989079,"orderId":"72644075","isBuy":true,"price":0.022865,"updatedSize":2754.1596763613,"filledSize":19108.8403236387,"taker":"0x553037Bac82741e7CA05AfB48e8538996fD70ECa","maker":"0x8Cf67893C236963233023B56AC56A185B042866F"}
{"kind":"trade","ts":1784653989079,"orderId":"72644075","isBuy":true,"price":0.022865,"updatedSize":0,"filledSize":2754.1596763613,"taker":"0x2b46C08Ca648e2334A1182D31228A79e2BEC1669","maker":"0x8Cf67893C236963233023B56AC56A185B042866F"}
{"kind":"order","ts":1784653989089,"orderId":"72644082","owner":"0xd0F8A6422CcdD812f29D8FB75CF5FCd41483BaDc","price":0.022842,"size":10014.9118792386,"isBuy":true}
{"kind":"order","ts":1784653989093,"orderId":"72644083","owner":"0xd0F8A6422CcdD812f29D8FB75CF5FCd41483BaDc","price":0.022838,"size":25037.2796980966,"isBuy":true}
{"kind":"order","ts":1784653989097,"orderId":"72644084","owner":"0xd0F8A6422CcdD812f29D8FB75CF5FCd41483BaDc","price":0.022823,"size":250372.7969809669,"isBuy":true}
{"kind":"order","ts":1784653989097,"orderId":"72644085","owner":"0xd0F8A6422CcdD812f29D8FB75CF5FCd41483BaDc","price":0.022743,"size":500745.5939619339,"isBuy":true}
{"kind":"order","ts":1784653989110,"orderId":"72644086","owner":"0xd0F8A6422CcdD812f29D8FB75CF5FCd41483BaDc","price":0.022876,"size":10014.9118792386,"isBuy":false}
{"kind":"order","ts":1784653989112,"orderId":"72644087","owner":"0xd0F8A6422CcdD812f29D8FB75CF5FCd41483BaDc","price":0.022886,"size":25037.2796980966,"isBuy":false}
{"kind":"order","ts":1784653989112,"orderId":"72644088","owner":"0xd0F8A6422CcdD812f29D8FB75CF5FCd41483BaDc","price":0.022919,"size":250372.7969809669,"isBuy":false}
{"kind":"order","ts":1784653989118,"orderId":"72644089","owner":"0xd0F8A6422CcdD812f29D8FB75CF5FCd41483BaDc","price":0.023101,"size":500745.5939619339,"isBuy":false}
{"kind":"trade","ts":1784653989118,"orderId":"72644081","isBuy":true,"price":0.022869,"updatedSize":15845.5921990468,"filledSize":6017.4078009532,"taker":"0x1c1823f6021E5Cf930B8223305321042a5a2BB0e","maker":"0x8Cf67893C236963233023B56AC56A185B042866F"}
{"kind":"order","ts":1784653990708,"orderId":"72644090","owner":"0xd0F8A6422CcdD812f29D8FB75CF5FCd41483BaDc","price":0.022847,"size":10014.9118792386,"isBuy":true}
{"kind":"order","ts":1784653990716,"orderId":"72644091","owner":"0xd0F8A6422CcdD812f29D8FB75CF5FCd41483BaDc","price":0.022843,"size":25037.2796980966,"isBuy":true}
{"kind":"order","ts":1784653990716,"orderId":"72644092","owner":"0xd0F8A6422CcdD812f29D8FB75CF5FCd41483BaDc","price":0.022828,"size":250372.7969809669,"isBuy":true}
{"kind":"order","ts":1784653990716,"orderId":"72644093","owner":"0xd0F8A6422CcdD812f29D8FB75CF5FCd41483BaDc","price":0.022748,"size":500745.5939619339,"isBuy":true}
{"kind":"order","ts":1784653990719,"orderId":"72644094","owner":"0xd0F8A6422CcdD812f29D8FB75CF5FCd41483BaDc","price":0.022881,"size":10014.9118792386,"isBuy":false}
{"kind":"order","ts":1784653990719,"orderId":"72644095","owner":"0xd0F8A6422CcdD812f29D8FB75CF5FCd41483BaDc","price":0.022891,"size":25037.2796980966,"isBuy":false}
{"kind":"order","ts":1784653990721,"orderId":"72644096","owner":"0xd0F8A6422CcdD812f29D8FB75CF5FCd41483BaDc","price":0.022924,"size":250372.7969809669,"isBuy":false}
{"kind":"order","ts":1784653990731,"orderId":"72644097","owner":"0xd0F8A6422CcdD812f29D8FB75CF5FCd41483BaDc","price":0.023106,"size":500745.5939619339,"isBuy":false}
{"kind":"order","ts":1784653990731,"orderId":"72644098","owner":"0x2b46C08Ca648e2334A1182D31228A79e2BEC1669","price":0.022865,"size":43737,"isBuy":true}
{"kind":"order","ts":1784653990731,"orderId":"72644099","owner":"0x2b46C08Ca648e2334A1182D31228A79e2BEC1669","price":0.02287,"size":43737,"isBuy":false}
{"kind":"order","ts":1784653990742,"orderId":"72644100","owner":"0x2b46C08Ca648e2334A1182D31228A79e2BEC1669","price":0.022859,"size":21868,"isBuy":true}
{"kind":"order","ts":1784653990742,"orderId":"72644101","owner":"0x2b46C08Ca648e2334A1182D31228A79e2BEC1669","price":0.022874,"size":21868,"isBuy":false}
{"kind":"order","ts":1784653993527,"orderId":"72644102","owner":"0x2b46C08Ca648e2334A1182D31228A79e2BEC1669","price":0.022866,"size":43735,"isBuy":true}
{"kind":"order","ts":1784653993528,"orderId":"72644103","owner":"0x2b46C08Ca648e2334A1182D31228A79e2BEC1669","price":0.02287,"size":43735,"isBuy":false}
{"kind":"order","ts":1784653993528,"orderId":"72644104","owner":"0x2b46C08Ca648e2334A1182D31228A79e2BEC1669","price":0.02286,"size":21867,"isBuy":true}
{"kind":"order","ts":1784653993529,"orderId":"72644105","owner":"0x2b46C08Ca648e2334A1182D31228A79e2BEC1669","price":0.022875,"size":21867,"isBuy":false}
{"kind":"order","ts":1784653995088,"orderId":"72644106","owner":"0x2b46C08Ca648e2334A1182D31228A79e2BEC1669","price":0.022864,"size":43738,"isBuy":true}
{"kind":"order","ts":1784653995088,"orderId":"72644107","owner":"0x2b46C08Ca648e2334A1182D31228A79e2BEC1669","price":0.022869,"size":43738,"isBuy":false}
{"kind":"order","ts":1784653995088,"orderId":"72644108","owner":"0x2b46C08Ca648e2334A1182D31228A79e2BEC1669","price":0.022858,"size":21869,"isBuy":true}
{"kind":"order","ts":1784653995088,"orderId":"72644109","owner":"0x2b46C08Ca648e2334A1182D31228A79e2BEC1669","price":0.022873,"size":21869,"isBuy":false}
{"kind":"order","ts":1784653997160,"orderId":"72644110","owner":"0x2b46C08Ca648e2334A1182D31228A79e2BEC1669","price":0.022863,"size":43741,"isBuy":true}
{"kind":"order","ts":1784653997161,"orderId":"72644111","owner":"0x2b46C08Ca648e2334A1182D31228A79e2BEC1669","price":0.022868,"size":43741,"isBuy":false}
{"kind":"order","ts":1784653997161,"orderId":"72644112","owner":"0x2b46C08Ca648e2334A1182D31228A79e2BEC1669","price":0.022857,"size":21870,"isBuy":true}
{"kind":"order","ts":1784653997161,"orderId":"72644113","owner":"0x2b46C08Ca648e2334A1182D31228A79e2BEC1669","price":0.022872,"size":21870,"isBuy":false}
{"kind":"order","ts":1784653998712,"orderId":"72644114","owner":"0x2b46C08Ca648e2334A1182D31228A79e2BEC1669","price":0.022863,"size":43741,"isBuy":true}
{"kind":"order","ts":1784653998715,"orderId":"72644115","owner":"0x2b46C08Ca648e2334A1182D31228A79e2BEC1669","price":0.022868,"size":43741,"isBuy":false}
{"kind":"order","ts":1784654000804,"orderId":"72644116","owner":"0x2b46C08Ca648e2334A1182D31228A79e2BEC1669","price":0.022863,"size":43741,"isBuy":true}
{"kind":"order","ts":1784654000804,"orderId":"72644117","owner":"0x2b46C08Ca648e2334A1182D31228A79e2BEC1669","price":0.022868,"size":43741,"isBuy":false}
{"kind":"order","ts":1784654003132,"orderId":"72644118","owner":"0x2b46C08Ca648e2334A1182D31228A79e2BEC1669","price":0.022863,"size":43741,"isBuy":true}
{"kind":"order","ts":1784654003134,"orderId":"72644119","owner":"0x2b46C08Ca648e2334A1182D31228A79e2BEC1669","price":0.022868,"size":43741,"isBuy":false}
{"kind":"order","ts":1784654009966,"orderId":"72644120","owner":"0xd0F8A6422CcdD812f29D8FB75CF5FCd41483BaDc","price":0.022843,"size":10014.9118792386,"isBuy":true}
{"kind":"order","ts":1784654009977,"orderId":"72644121","owner":"0xd0F8A6422CcdD812f29D8FB75CF5FCd41483BaDc","price":0.022839,"size":25037.2796980966,"isBuy":true}
{"kind":"order","ts":1784654009977,"orderId":"72644122","owner":"0xd0F8A6422CcdD812f29D8FB75CF5FCd41483BaDc","price":0.022824,"size":250372.7969809669,"isBuy":true}
{"kind":"order","ts":1784654009978,"orderId":"72644123","owner":"0xd0F8A6422CcdD812f29D8FB75CF5FCd41483BaDc","price":0.022744,"size":500745.5939619339,"isBuy":true}
{"kind":"order","ts":1784654009987,"orderId":"72644124","owner":"0xd0F8A6422CcdD812f29D8FB75CF5FCd41483BaDc","price":0.022881,"size":10014.9118792386,"isBuy":false}
{"kind":"order","ts":1784654009987,"orderId":"72644125","owner":"0xd0F8A6422CcdD812f29D8FB75CF5FCd41483BaDc","price":0.022891,"size":25037.2796980966,"isBuy":false}
{"kind":"order","ts":1784654009987,"orderId":"72644126","owner":"0xd0F8A6422CcdD812f29D8FB75CF5FCd41483BaDc","price":0.022924,"size":250372.7969809669,"isBuy":false}
{"kind":"order","ts":1784654009991,"orderId":"72644127","owner":"0xd0F8A6422CcdD812f29D8FB75CF5FCd41483BaDc","price":0.023106,"size":500745.5939619339,"isBuy":false}
{"kind":"order","ts":1784654010371,"orderId":"72644128","owner":"0x2b46C08Ca648e2334A1182D31228A79e2BEC1669","price":0.022863,"size":43741,"isBuy":true}
{"kind":"order","ts":1784654010371,"orderId":"72644129","owner":"0x2b46C08Ca648e2334A1182D31228A79e2BEC1669","price":0.022867,"size":43741,"isBuy":false}
{"kind":"order","ts":1784654010371,"orderId":"72644130","owner":"0x2b46C08Ca648e2334A1182D31228A79e2BEC1669","price":0.022857,"size":21870,"isBuy":true}
{"kind":"order","ts":1784654010371,"orderId":"72644131","owner":"0x2b46C08Ca648e2334A1182D31228A79e2BEC1669","price":0.022872,"size":21870,"isBuy":false}
{"kind":"order","ts":1784654010388,"orderId":"72644132","owner":"0x8Cf67893C236963233023B56AC56A185B042866F","price":0.022859,"size":21864,"isBuy":true}
{"kind":"order","ts":1784654010389,"orderId":"72644133","owner":"0x8Cf67893C236963233023B56AC56A185B042866F","price":0.022866,"size":21864,"isBuy":false}
{"kind":"trade","ts":1784654010780,"orderId":"72644133","isBuy":true,"price":0.022866,"updatedSize":11141.9585410654,"filledSize":10722.0414589346,"taker":"0x553037Bac82741e7CA05AfB48e8538996fD70ECa","maker":"0x8Cf67893C236963233023B56AC56A185B042866F"}
{"kind":"trade","ts":1784654010781,"orderId":"72644133","isBuy":true,"price":0.022866,"updatedSize":5384.1096824981,"filledSize":5757.8488585673,"taker":"0x0d91b0e1fa8aa09088e74f5746bf1e8d66450b15","maker":"0x8Cf67893C236963233023B56AC56A185B042866F"}
{"kind":"trade","ts":1784654011169,"orderId":"72644133","isBuy":true,"price":0.022866,"updatedSize":475.2082568006,"filledSize":4908.9014256975,"taker":"0x0d91b0e1fa8aa09088e74f5746bf1e8d66450b15","maker":"0x8Cf67893C236963233023B56AC56A185B042866F"}
{"kind":"trade","ts":1784654011671,"orderId":"72644133","isBuy":true,"price":0.022866,"updatedSize":225.0526545965,"filledSize":250.1556022041,"taker":"0x2B37EFfc346D6F79EB69081EbeFAC4e482730BDc","maker":"0x8Cf67893C236963233023B56AC56A185B042866F"}
{"kind":"order","ts":1784654013113,"orderId":"72644134","owner":"0x2b46C08Ca648e2334A1182D31228A79e2BEC1669","price":0.022863,"size":43741,"isBuy":true}
{"kind":"order","ts":1784654013113,"orderId":"72644135","owner":"0x2b46C08Ca648e2334A1182D31228A79e2BEC1669","price":0.022868,"size":43741,"isBuy":false}
{"kind":"order","ts":1784654015338,"orderId":"72644136","owner":"0x2b46C08Ca648e2334A1182D31228A79e2BEC1669","price":0.022863,"size":43741,"isBuy":true}
{"kind":"order","ts":1784654015341,"orderId":"72644137","owner":"0x2b46C08Ca648e2334A1182D31228A79e2BEC1669","price":0.022868,"size":43741,"isBuy":false}
{"kind":"order","ts":1784654015341,"orderId":"72644138","owner":"0x8Cf67893C236963233023B56AC56A185B042866F","price":0.022861,"size":21863,"isBuy":true}
{"kind":"order","ts":1784654015341,"orderId":"72644139","owner":"0x8Cf67893C236963233023B56AC56A185B042866F","price":0.022869,"size":21863,"isBuy":false}
{"kind":"order","ts":1784654017912,"orderId":"72644140","owner":"0x2b46C08Ca648e2334A1182D31228A79e2BEC1669","price":0.022863,"size":43741,"isBuy":true}
{"kind":"order","ts":1784654017912,"orderId":"72644141","owner":"0x2b46C08Ca648e2334A1182D31228A79e2BEC1669","price":0.022868,"size":43741,"isBuy":false}
{"kind":"order","ts":1784654018390,"orderId":"72644142","owner":"0x2b46C08Ca648e2334A1182D31228A79e2BEC1669","price":0.022863,"size":43741,"isBuy":true}
{"kind":"order","ts":1784654018394,"orderId":"72644143","owner":"0x2b46C08Ca648e2334A1182D31228A79e2BEC1669","price":0.022868,"size":43741,"isBuy":false}
{"kind":"order","ts":1784654020047,"orderId":"72644144","owner":"0x8Cf67893C236963233023B56AC56A185B042866F","price":0.022859,"size":21863,"isBuy":true}
{"kind":"order","ts":1784654020047,"orderId":"72644145","owner":"0x8Cf67893C236963233023B56AC56A185B042866F","price":0.022867,"size":21863,"isBuy":false}
{"kind":"order","ts":1784654020719,"orderId":"72644146","owner":"0x2b46C08Ca648e2334A1182D31228A79e2BEC1669","price":0.022863,"size":43741,"isBuy":true}
{"kind":"order","ts":1784654020719,"orderId":"72644147","owner":"0x2b46C08Ca648e2334A1182D31228A79e2BEC1669","price":0.022868,"size":43741,"isBuy":false}
{"kind":"order","ts":1784654020723,"orderId":"72644148","owner":"0x2b46C08Ca648e2334A1182D31228A79e2BEC1669","price":0.022857,"size":21870,"isBuy":true}
{"kind":"order","ts":1784654020723,"orderId":"72644149","owner":"0x2b46C08Ca648e2334A1182D31228A79e2BEC1669","price":0.022872,"size":21870,"isBuy":false}
{"kind":"order","ts":1784654022830,"orderId":"72644150","owner":"0x2b46C08Ca648e2334A1182D31228A79e2BEC1669","price":0.022863,"size":43741,"isBuy":true}
{"kind":"order","ts":1784654022927,"orderId":"72644151","owner":"0x2b46C08Ca648e2334A1182D31228A79e2BEC1669","price":0.022868,"size":43741,"isBuy":false}
{"kind":"order","ts":1784654022928,"orderId":"72644152","owner":"0x2b46C08Ca648e2334A1182D31228A79e2BEC1669","price":0.022857,"size":21870,"isBuy":true}
{"kind":"order","ts":1784654022928,"orderId":"72644153","owner":"0x2b46C08Ca648e2334A1182D31228A79e2BEC1669","price":0.022872,"size":21870,"isBuy":false}
