{"kind":"order","ts":1784738290158,"orderId":"72982385","owner":"0x2b46C08Ca648e2334A1182D31228A79e2BEC1669","price":0.023606,"size":42350,"isBuy":true}
{"kind":"order","ts":1784738290161,"orderId":"72982386","owner":"0x2b46C08Ca648e2334A1182D31228A79e2BEC1669","price":0.023609,"size":42350,"isBuy":false}
{"kind":"order","ts":1784738292013,"orderId":"72982387","owner":"0x2b46C08Ca648e2334A1182D31228A79e2BEC1669","price":0.023606,"size":42350,"isBuy":true}
{"kind":"order","ts":1784738292014,"orderId":"72982388","owner":"0x2b46C08Ca648e2334A1182D31228A79e2BEC1669","price":0.023609,"size":42350,"isBuy":false}
{"kind":"order","ts":1784738294016,"orderId":"72982389","owner":"0x2b46C08Ca648e2334A1182D31228A79e2BEC1669","price":0.023606,"size":42350,"isBuy":true}
{"kind":"order","ts":1784738294016,"orderId":"72982390","owner":"0x2b46C08Ca648e2334A1182D31228A79e2BEC1669","price":0.023609,"size":42350,"isBuy":false}
{"kind":"order","ts":1784738296490,"orderId":"72982391","owner":"0x2b46C08Ca648e2334A1182D31228A79e2BEC1669","price":0.023606,"size":42350,"isBuy":true}
{"kind":"order","ts":1784738296491,"orderId":"72982392","owner":"0x2b46C08Ca648e2334A1182D31228A79e2BEC1669","price":0.023609,"size":42350,"isBuy":false}
{"kind":"order","ts":1784738296491,"orderId":"72982393","owner":"0x2b46C08Ca648e2334A1182D31228A79e2BEC1669","price":0.0236,"size":21175,"isBuy":true}
{"kind":"order","ts":1784738296491,"orderId":"72982394","owner":"0x2b46C08Ca648e2334A1182D31228A79e2BEC1669","price":0.023615,"size":21175,"isBuy":false}
{"kind":"order","ts":1784738298741,"orderId":"72982395","owner":"0x2b46C08Ca648e2334A1182D31228A79e2BEC1669","price":0.023606,"size":42350,"isBuy":true}
{"kind":"order","ts":1784738298741,"orderId":"72982396","owner":"0x2b46C08Ca648e2334A1182D31228A79e2BEC1669","price":0.023609,"size":42350,"isBuy":false}
{"kind":"order","ts":1784738298742,"orderId":"72982397","owner":"0x2b46C08Ca648e2334A1182D31228A79e2BEC1669","price":0.0236,"size":21175,"isBuy":true}
{"kind":"order","ts":1784738298742,"orderId":"72982398","owner":"0x2b46C08Ca648e2334A1182D31228A79e2BEC1669","price":0.023615,"size":21175,"isBuy":false}
{"kind":"order","ts":1784738300572,"orderId":"72982399","owner":"0x2b46C08Ca648e2334A1182D31228A79e2BEC1669","price":0.023606,"size":42350,"isBuy":true}
{"kind":"order","ts":1784738300572,"orderId":"72982400","owner":"0x2b46C08Ca648e2334A1182D31228A79e2BEC1669","price":0.023609,"size":42350,"isBuy":false}
{"kind":"order","ts":1784738302037,"orderId":"72982401","owner":"0x2b46C08Ca648e2334A1182D31228A79e2BEC1669","price":0.02361,"size":42343,"isBuy":true}
{"kind":"order","ts":1784738302044,"orderId":"72982402","owner":"0x2b46C08Ca648e2334A1182D31228A79e2BEC1669","price":0.023612,"size":42343,"isBuy":false}
{"kind":"order","ts":1784738302045,"orderId":"72982403","owner":"0x2b46C08Ca648e2334A1182D31228A79e2BEC1669","price":0.023603,"size":21171,"isBuy":true}
{"kind":"order","ts":1784738302045,"orderId":"72982404","owner":"0x2b46C08Ca648e2334A1182D31228A79e2BEC1669","price":0.023619,"size":21171,"isBuy":false}
{"kind":"order","ts":1784738303253,"orderId":"72982405","owner":"0x2b46C08Ca648e2334A1182D31228A79e2BEC1669","price":0.023607,"size":42348,"isBuy":true}
{"kind":"order","ts":1784738303254,"orderId":"72982406","owner":"0x2b46C08Ca648e2334A1182D31228A79e2BEC1669","price":0.02361,"size":42348,"isBuy":false}
{"kind":"order","ts":1784738303254,"orderId":"72982407","owner":"0x2b46C08Ca648e2334A1182D31228A79e2BEC1669","price":0.023601,"size":21174,"isBuy":true}
{"kind":"order","ts":1784738303254,"orderId":"72982408","owner":"0x2b46C08Ca648e2334A1182D31228A79e2BEC1669","price":0.023616,"size":21174,"isBuy":false}
{"kind":"order","ts":1784738305257,"orderId":"72982409","owner":"0x2b46C08Ca648e2334A1182D31228A79e2BEC1669","price":0.023608,"size":42347,"isBuy":true}
{"kind":"order","ts":1784738305261,"orderId":"72982410","owner":"0x2b46C08Ca648e2334A1182D31228A79e2BEC1669","price":0.023611,"size":42347,"isBuy":false}
{"kind":"order","ts":1784738305261,"orderId":"72982411","owner":"0x2b46C08Ca648e2334A1182D31228A79e2BEC1669","price":0.023602,"size":21173,"isBuy":true}
{"kind":"order","ts":1784738305261,"orderId":"72982412","owner":"0x2b46C08Ca648e2334A1182D31228A79e2BEC1669","price":0.023617,"size":21173,"isBuy":false}
{"kind":"order","ts":1784738306464,"orderId":"72982413","owner":"0xd0F8A6422CcdD812f29D8FB75CF5FCd41483BaDc","price":0.023595,"size":9867.2784644067,"isBuy":true}
{"kind":"order","ts":1784738306468,"orderId":"72982414","owner":"0xd0F8A6422CcdD812f29D8FB75CF5FCd41483BaDc","price":0.023591,"size":24668.1961610169,"isBuy":true}
{"kind":"order","ts":1784738306471,"orderId":"72982415","owner":"0xd0F8A6422CcdD812f29D8FB75CF5FCd41483BaDc","price":0.023576,"size":246681.9616101695,"isBuy":true}
{"kind":"order","ts":1784738306471,"orderId":"72982416","owner":"0xd0F8A6422CcdD812f29D8FB75CF5FCd41483BaDc","price":0.023492,"size":493363.923220339,"isBuy":true}
{"kind":"order","ts":1784738306479,"orderId":"72982417","owner":"0xd0F8A6422CcdD812f29D8FB75CF5FCd41483BaDc","price":0.023634,"size":9867.2784644067,"isBuy":false}
{"kind":"order","ts":1784738306479,"orderId":"72982418","owner":"0xd0F8A6422CcdD812f29D8FB75CF5FCd41483BaDc","price":0.023644,"size":24668.1961610169,"isBuy":false}
{"kind":"order","ts":1784738306479,"orderId":"72982419","owner":"0xd0F8A6422CcdD812f29D8FB75CF5FCd41483BaDc","price":0.023678,"size":246681.9616101695,"isBuy":false}
{"kind":"order","ts":1784738306488,"orderId":"72982420","owner":"0xd0F8A6422CcdD812f29D8FB75CF5FCd41483BaDc","price":0.023866,"size":493363.923220339,"isBuy":false}
{"kind":"order","ts":1784738306922,"orderId":"72982421","owner":"0xd0F8A6422CcdD812f29D8FB75CF5FCd41483BaDc","price":0.023595,"size":9867.2784644067,"isBuy":true}
{"kind":"order","ts":1784738306927,"orderId":"72982422","owner":"0xd0F8A6422CcdD812f29D8FB75CF5FCd41483BaDc","price":0.023591,"size":24668.1961610169,"isBuy":true}
{"kind":"order","ts":1784738306927,"orderId":"72982423","owner":"0xd0F8A6422CcdD812f29D8FB75CF5FCd41483BaDc","price":0.023576,"size":246681.9616101695,"isBuy":true}
{"kind":"order","ts":1784738306927,"orderId":"72982424","owner":"0xd0F8A6422CcdD812f29D8FB75CF5FCd41483BaDc","price":0.023492,"size":493363.923220339,"isBuy":true}
{"kind":"order","ts":1784738306936,"orderId":"72982425","owner":"0xd0F8A6422CcdD812f29D8FB75CF5FCd41483BaDc","price":0.023625,"size":9867.2784644067,"isBuy":false}
{"kind":"order","ts":1784738306936,"orderId":"72982426","owner":"0xd0F8A6422CcdD812f29D8FB75CF5FCd41483BaDc","price":0.023635,"size":24668.1961610169,"isBuy":false}
{"kind":"order","ts":1784738306936,"orderId":"72982427","owner":"0xd0F8A6422CcdD812f29D8FB75CF5FCd41483BaDc","price":0.023669,"size":246681.9616101695,"isBuy":false}
{"kind":"order","ts":1784738306948,"orderId":"72982428","owner":"0xd0F8A6422CcdD812f29D8FB75CF5FCd41483BaDc","price":0.023857,"size":493363.923220339,"isBuy":false}
{"kind":"order","ts":1784738307255,"orderId":"72982429","owner":"0x2b46C08Ca648e2334A1182D31228A79e2BEC1669","price":0.023608,"size":42347,"isBuy":true}
{"kind":"order","ts":1784738307261,"orderId":"72982430","owner":"0x2b46C08Ca648e2334A1182D31228A79e2BEC1669","price":0.023611,"size":42347,"isBuy":false}
{"kind":"order","ts":1784738307261,"orderId":"72982431","owner":"0x2b46C08Ca648e2334A1182D31228A79e2BEC1669","price":0.023602,"size":21173,"isBuy":true}
{"kind":"order","ts":1784738307261,"orderId":"72982432","owner":"0x2b46C08Ca648e2334A1182D31228A79e2BEC1669","price":0.023617,"size":21173,"isBuy":false}
{"kind":"order","ts":1784738309528,"orderId":"72982433","owner":"0x2b46C08Ca648e2334A1182D31228A79e2BEC1669","price":0.023607,"size":42348,"isBuy":true}
{"kind":"order","ts":1784738309529,"orderId":"72982434","owner":"0x2b46C08Ca648e2334A1182D31228A79e2BEC1669","price":0.02361,"size":42348,"isBuy":false}
{"kind":"order","ts":1784738309529,"orderId":"72982435","owner":"0x2b46C08Ca648e2334A1182D31228A79e2BEC1669","price":0.023601,"size":21174,"isBuy":true}
{"kind":"order","ts":1784738309530,"orderId":"72982436","owner":"0x2b46C08Ca648e2334A1182D31228A79e2BEC1669","price":0.023616,"size":21174,"isBuy":false}
{"kind":"order","ts":1784738310937,"orderId":"72982437","owner":"0x2b46C08Ca648e2334A1182D31228A79e2BEC1669","price":0.02362,"size":42330,"isBuy":false}
{"kind":"order","ts":1784738310937,"orderId":"72982438","owner":"0x2b46C08Ca648e2334A1182D31228A79e2BEC1669","price":0.023626,"size":21165,"isBuy":false}
{"kind":"order","ts":1784738310937,"orderId":"72982439","owner":"0xd0F8A6422CcdD812f29D8FB75CF5FCd41483BaDc","price":0.023605,"size":9867.2784644067,"isBuy":true}
{"kind":"order","ts":1784738310937,"orderId":"72982440","owner":"0xd0F8A6422CcdD812f29D8FB75CF5FCd41483BaDc","price":0.023601,"size":24668.1961610169,"isBuy":true}
{"kind":"order","ts":1784738310949,"orderId":"72982441","owner":"0xd0F8A6422CcdD812f29D8FB75CF5FCd41483BaDc","price":0.023586,"size":246681.9616101695,"isBuy":true}
{"kind":"order","ts":1784738310949,"orderId":"72982442","owner":"0xd0F8A6422CcdD812f29D8FB75CF5FCd41483BaDc","price":0.023502,"size":493363.923220339,"isBuy":true}
{"kind":"order","ts":1784738310949,"orderId":"72982443","owner":"0xd0F8A6422CcdD812f29D8FB75CF5FCd41483BaDc","price":0.02364,"size":9867.2784644067,"isBuy":false}
{"kind":"order","ts":1784738310961,"orderId":"72982444","owner":"0xd0F8A6422CcdD812f29D8FB75CF5FCd41483BaDc","price":0.02365,"size":24668.1961610169,"isBuy":false}
{"kind":"order","ts":1784738310962,"orderId":"72982445","owner":"0xd0F8A6422CcdD812f29D8FB75CF5FCd41483BaDc","price":0.023684,"size":246681.9616101695,"isBuy":false}
{"kind":"order","ts":1784738310962,"orderId":"72982446","owner":"0xd0F8A6422CcdD812f29D8FB75CF5FCd41483BaDc","price":0.023871,"size":493363.923220339,"isBuy":false}
{"kind":"trade","ts":1784738310971,"orderId":"72982364","isBuy":true,"price":0.023612,"updatedSize":14.7375619258,"filledSize":21162.2624380742,"taker":"0x2b46C08Ca648e2334A1182D31228A79e2BEC1669","maker":"0x8Cf67893C236963233023B56AC56A185B042866F"}
{"kind":"order","ts":1784738311311,"orderId":"72982447","owner":"0xd0F8A6422CcdD812f29D8FB75CF5FCd41483BaDc","price":0.023605,"size":9867.2784644067,"isBuy":true}
{"kind":"order","ts":1784738311312,"orderId":"72982448","owner":"0xd0F8A6422CcdD812f29D8FB75CF5FCd41483BaDc","price":0.023601,"size":24668.1961610169,"isBuy":true}
{"kind":"order","ts":1784738311312,"orderId":"72982449","owner":"0xd0F8A6422CcdD812f29D8FB75CF5FCd41483BaDc","price":0.023586,"size":246681.9616101695,"isBuy":true}
{"kind":"order","ts":1784738311312,"orderId":"72982450","owner":"0xd0F8A6422CcdD812f29D8FB75CF5FCd41483BaDc","price":0.023502,"size":493363.923220339,"isBuy":true}
{"kind":"order","ts":1784738311324,"orderId":"72982451","owner":"0xd0F8A6422CcdD812f29D8FB75CF5FCd41483BaDc","price":0.023639,"size":9867.2784644067,"isBuy":false}
{"kind":"order","ts":1784738311324,"orderId":"72982452","owner":"0xd0F8A6422CcdD812f29D8FB75CF5FCd41483BaDc","price":0.023649,"size":24668.1961610169,"isBuy":false}
{"kind":"order","ts":1784738311325,"orderId":"72982453","owner":"0xd0F8A6422CcdD812f29D8FB75CF5FCd41483BaDc","price":0.023683,"size":246681.9616101695,"isBuy":false}
{"kind":"order","ts":1784738311336,"orderId":"72982454","owner":"0xd0F8A6422CcdD812f29D8FB75CF5FCd41483BaDc","price":0.023871,"size":493363.923220339,"isBuy":false}
{"kind":"order","ts":1784738311336,"orderId":"72982455","owner":"0x8Cf67893C236963233023B56AC56A185B042866F","price":0.02363,"size":21177,"isBuy":false}
{"kind":"order","ts":1784738312148,"orderId":"72982456","owner":"0x2b46C08Ca648e2334A1182D31228A79e2BEC1669","price":0.023614,"size":42335,"isBuy":true}
{"kind":"order","ts":1784738312151,"orderId":"72982457","owner":"0x2b46C08Ca648e2334A1182D31228A79e2BEC1669","price":0.023617,"size":42335,"isBuy":false}
{"kind":"order","ts":1784738312151,"orderId":"72982458","owner":"0x2b46C08Ca648e2334A1182D31228A79e2BEC1669","price":0.023608,"size":21114.8023974923,"isBuy":true}
{"kind":"order","ts":1784738312152,"orderId":"72982459","owner":"0x2b46C08Ca648e2334A1182D31228A79e2BEC1669","price":0.023623,"size":21167,"isBuy":false}
{"kind":"order","ts":1784738312162,"orderId":"72982460","owner":"0x2b46C08Ca648e2334A1182D31228A79e2BEC1669","price":0.023613,"size":42336,"isBuy":true}
{"kind":"order","ts":1784738312162,"orderId":"72982461","owner":"0x2b46C08Ca648e2334A1182D31228A79e2BEC1669","price":0.023616,"size":42336,"isBuy":false}
{"kind":"order","ts":1784738312162,"orderId":"72982462","owner":"0x2b46C08Ca648e2334A1182D31228A79e2BEC1669","price":0.023607,"size":21115.6968272122,"isBuy":true}
{"kind":"order","ts":1784738312173,"orderId":"72982463","owner":"0x2b46C08Ca648e2334A1182D31228A79e2BEC1669","price":0.023622,"size":21168,"isBuy":false}
{"kind":"trade","ts":1784738312896,"orderId":"72982463","isBuy":true,"price":0.023622,"updatedSize":20964.3928964525,"filledSize":203.6071035475,"taker":"0x0a1c975e4b7dd47887D6E72757ad2C87E7ADca5A","maker":"0x2b46C08Ca648e2334A1182D31228A79e2BEC1669"}
{"kind":"order","ts":1784738313283,"orderId":"72982464","owner":"0x2b46C08Ca648e2334A1182D31228A79e2BEC1669","price":0.023611,"size":21112.1221464571,"isBuy":true}
{"kind":"order","ts":1784738313283,"orderId":"72982465","owner":"0x2b46C08Ca648e2334A1182D31228A79e2BEC1669","price":0.023613,"size":42340,"isBuy":false}
{"kind":"order","ts":1784738313283,"orderId":"72982466","owner":"0x2b46C08Ca648e2334A1182D31228A79e2BEC1669","price":0.023604,"size":21118.3831130316,"isBuy":true}
{"kind":"order","ts":1784738313283,"orderId":"72982467","owner":"0x2b46C08Ca648e2334A1182D31228A79e2BEC1669","price":0.023619,"size":21170,"isBuy":false}
{"kind":"order","ts":1784738313297,"orderId":"72982468","owner":"0xd0F8A6422CcdD812f29D8FB75CF5FCd41483BaDc","price":0.0236,"size":9863.8673859834,"isBuy":true}
{"kind":"order","ts":1784738313297,"orderId":"72982469","owner":"0xd0F8A6422CcdD812f29D8FB75CF5FCd41483BaDc","price":0.023596,"size":24659.6684649587,"isBuy":true}
{"kind":"order","ts":1784738313297,"orderId":"72982470","owner":"0xd0F8A6422CcdD812f29D8FB75CF5FCd41483BaDc","price":0.023581,"size":246596.6846495871,"isBuy":true}
{"kind":"order","ts":1784738313306,"orderId":"72982471","owner":"0xd0F8A6422CcdD812f29D8FB75CF5FCd41483BaDc","price":0.023496,"size":493193.3692991743,"isBuy":true}
{"kind":"order","ts":1784738313307,"orderId":"72982472","owner":"0xd0F8A6422CcdD812f29D8FB75CF5FCd41483BaDc","price":0.023637,"size":9863.8673859834,"isBuy":false}
{"kind":"order","ts":1784738313307,"orderId":"72982473","owner":"0xd0F8A6422CcdD812f29D8FB75CF5FCd41483BaDc","price":0.023647,"size":24659.6684649587,"isBuy":false}
{"kind":"order","ts":1784738313316,"orderId":"72982474","owner":"0xd0F8A6422CcdD812f29D8FB75CF5FCd41483BaDc","price":0.023681,"size":246596.6846495871,"isBuy":false}
{"kind":"order","ts":1784738313318,"orderId":"72982475","owner":"0xd0F8A6422CcdD812f29D8FB75CF5FCd41483BaDc","price":0.023868,"size":493193.3692991743,"isBuy":false}
{"kind":"trade","ts":1784738313318,"orderId":"72982467","isBuy":true,"price":0.023619,"updatedSize":20352.8342012787,"filledSize":817.1657987213,"taker":"0xd651346d7c789536ebf06dc72aE3C8502cd695CC","maker":"0x2b46C08Ca648e2334A1182D31228A79e2BEC1669"}
{"kind":"order","ts":1784738314144,"orderId":"72982476","owner":"0xd0F8A6422CcdD812f29D8FB75CF5FCd41483BaDc","price":0.023606,"size":9863.8673859834,"isBuy":true}
{"kind":"order","ts":1784738314145,"orderId":"72982477","owner":"0xd0F8A6422CcdD812f29D8FB75CF5FCd41483BaDc","price":0.023601,"size":24659.6684649587,"isBuy":true}
{"kind":"order","ts":1784738314145,"orderId":"72982478","owner":"0xd0F8A6422CcdD812f29D8FB75CF5FCd41483BaDc","price":0.023586,"size":246596.6846495871,"isBuy":true}
{"kind":"order","ts":1784738314145,"orderId":"72982479","owner":"0xd0F8A6422CcdD812f29D8FB75CF5FCd41483BaDc","price":0.023502,"size":493193.3692991743,"isBuy":true}
{"kind":"order","ts":1784738314157,"orderId":"72982480","owner":"0xd0F8A6422CcdD812f29D8FB75CF5FCd41483BaDc","price":0.023642,"size":9863.8673859834,"isBuy":false}
{"kind":"order","ts":1784738314157,"orderId":"72982481","owner":"0xd0F8A6422CcdD812f29D8FB75CF5FCd41483BaDc","price":0.023652,"size":24659.6684649587,"isBuy":false}
{"kind":"order","ts":1784738314157,"orderId":"72982482","owner":"0xd0F8A6422CcdD812f29D8FB75CF5FCd41483BaDc","price":0.023686,"size":246596.6846495871,"isBuy":false}
{"kind":"order","ts":1784738314166,"orderId":"72982483","owner":"0xd0F8A6422CcdD812f29D8FB75CF5FCd41483BaDc","price":0.023873,"size":493193.3692991743,"isBuy":false}
{"kind":"trade","ts":1784738314619,"orderId":"72982467","isBuy":true,"price":0.023619,"updatedSize":7704.4776239469,"filledSize":12648.3565773318,"taker":"0xC428551242deAb5F4b70Ea36943E63Fd191F3B0e","maker":"0x2b46C08Ca648e2334A1182D31228A79e2BEC1669"}
{"kind":"trade","ts":1784738315017,"orderId":"72982467","isBuy":true,"price":0.023619,"updatedSize":5708.6813158899,"filledSize":1995.796308057,"taker":"0x0a1c975e4b7dd47887D6E72757ad2C87E7ADca5A","maker":"0x2b46C08Ca648e2334A1182D31228A79e2BEC1669"}
{"kind":"order","ts":1784738315287,"orderId":"72982484","owner":"0x2b46C08Ca648e2334A1182D31228A79e2BEC1669","price":0.023612,"size":21111.2441555141,"isBuy":true}
{"kind":"order","ts":1784738315290,"orderId":"72982485","owner":"0x2b46C08Ca648e2334A1182D31228A79e2BEC1669","price":0.023614,"size":42339,"isBuy":false}
{"kind":"order","ts":1784738315292,"orderId":"72982486","owner":"0x2b46C08Ca648e2334A1182D31228A79e2BEC1669","price":0.023605,"size":21117.5045964837,"isBuy":true}
{"kind":"order","ts":1784738315294,"orderId":"72982487","owner":"0x2b46C08Ca648e2334A1182D31228A79e2BEC1669","price":0.023621,"size":21169,"isBuy":false}
{"kind":"order","ts":1784738317701,"orderId":"72982488","owner":"0x2b46C08Ca648e2334A1182D31228A79e2BEC1669","price":0.023613,"size":42336,"isBuy":true}
{"kind":"order","ts":1784738317710,"orderId":"72982489","owner":"0x2b46C08Ca648e2334A1182D31228A79e2BEC1669","price":0.023616,"size":42336,"isBuy":false}
{"kind":"order","ts":1784738317720,"orderId":"72982490","owner":"0x2b46C08Ca648e2334A1182D31228A79e2BEC1669","price":0.023607,"size":21168,"isBuy":true}
{"kind":"order","ts":1784738317720,"orderId":"72982491","owner":"0x2b46C08Ca648e2334A1182D31228A79e2BEC1669","price":0.023622,"size":21168,"isBuy":false}
{"kind":"trade","ts":1784738317720,"orderId":"72982487","isBuy":true,"price":0.023621,"updatedSize":20598.5330426316,"filledSize":570.4669573684,"taker":"0x0a1c975e4b7dd47887D6E72757ad2C87E7ADca5A","maker":"0x2b46C08Ca648e2334A1182D31228A79e2BEC1669"}
{"kind":"order","ts":1784738319485,"orderId":"72982492","owner":"0x2b46C08Ca648e2334A1182D31228A79e2BEC1669","price":0.023616,"size":21159.9590955284,"isBuy":true}
{"kind":"order","ts":1784738319485,"orderId":"72982493","owner":"0x2b46C08Ca648e2334A1182D31228A79e2BEC1669","price":0.023619,"size":42331,"isBuy":false}
{"kind":"order","ts":1784738319485,"orderId":"72982494","owner":"0x2b46C08Ca648e2334A1182D31228A79e2BEC1669","price":0.02361,"size":21165,"isBuy":true}
{"kind":"order","ts":1784738319486,"orderId":"72982495","owner":"0x2b46C08Ca648e2334A1182D31228A79e2BEC1669","price":0.023625,"size":21165,"isBuy":false}
{"kind":"order","ts":1784738320944,"orderId":"72982496","owner":"0xd0F8A6422CcdD812f29D8FB75CF5FCd41483BaDc","price":0.023602,"size":9863.8673859834,"isBuy":true}
{"kind":"order","ts":1784738321036,"orderId":"72982497","owner":"0xd0F8A6422CcdD812f29D8FB75CF5FCd41483BaDc","price":0.023598,"size":24659.6684649587,"isBuy":true}
{"kind":"order","ts":1784738321037,"orderId":"72982498","owner":"0xd0F8A6422CcdD812f29D8FB75CF5FCd41483BaDc","price":0.023582,"size":246596.6846495871,"isBuy":true}
{"kind":"order","ts":1784738321037,"orderId":"72982499","owner":"0xd0F8A6422CcdD812f29D8FB75CF5FCd41483BaDc","price":0.023498,"size":493193.3692991743,"isBuy":true}
{"kind":"order","ts":1784738321037,"orderId":"72982500","owner":"0xd0F8A6422CcdD812f29D8FB75CF5FCd41483BaDc","price":0.023637,"size":9863.8673859834,"isBuy":false}
{"kind":"order","ts":1784738321042,"orderId":"72982501","owner":"0xd0F8A6422CcdD812f29D8FB75CF5FCd41483BaDc","price":0.023647,"size":24659.6684649587,"isBuy":false}
{"kind":"order","ts":1784738321042,"orderId":"72982502","owner":"0xd0F8A6422CcdD812f29D8FB75CF5FCd41483BaDc","price":0.023681,"size":246596.6846495871,"isBuy":false}
{"kind":"order","ts":1784738321042,"orderId":"72982503","owner":"0xd0F8A6422CcdD812f29D8FB75CF5FCd41483BaDc","price":0.023868,"size":493193.3692991743,"isBuy":false}
{"kind":"order","ts":1784738321042,"orderId":"72982504","owner":"0x2b46C08Ca648e2334A1182D31228A79e2BEC1669","price":0.023612,"size":42338,"isBuy":true}
{"kind":"order","ts":1784738321042,"orderId":"72982505","owner":"0x2b46C08Ca648e2334A1182D31228A79e2BEC1669","price":0.023615,"size":42338,"isBuy":false}
{"kind":"order","ts":1784738321043,"orderId":"72982506","owner":"0x2b46C08Ca648e2334A1182D31228A79e2BEC1669","price":0.023606,"size":21169,"isBuy":true}
{"kind":"order","ts":1784738321043,"orderId":"72982507","owner":"0x2b46C08Ca648e2334A1182D31228A79e2BEC1669","price":0.023621,"size":21169,"isBuy":false}
{"kind":"order","ts":1784738321567,"orderId":"72982508","owner":"0x8Cf67893C236963233023B56AC56A185B042866F","price":0.02362,"size":21168,"isBuy":true}
{"kind":"order","ts":1784738321737,"orderId":"72982509","owner":"0xd0F8A6422CcdD812f29D8FB75CF5FCd41483BaDc","price":0.023607,"size":9863.8673859834,"isBuy":true}
{"kind":"order","ts":1784738321738,"orderId":"72982510","owner":"0xd0F8A6422CcdD812f29D8FB75CF5FCd41483BaDc","price":0.023603,"size":24659.6684649587,"isBuy":true}
{"kind":"order","ts":1784738321739,"orderId":"72982511","owner":"0xd0F8A6422CcdD812f29D8FB75CF5FCd41483BaDc","price":0.023587,"size":246596.6846495871,"isBuy":true}
{"kind":"order","ts":1784738321740,"orderId":"72982512","owner":"0xd0F8A6422CcdD812f29D8FB75CF5FCd41483BaDc","price":0.023503,"size":493193.3692991743,"isBuy":true}
{"kind":"order","ts":1784738321746,"orderId":"72982513","owner":"0xd0F8A6422CcdD812f29D8FB75CF5FCd41483BaDc","price":0.02364,"size":9863.8673859834,"isBuy":false}
{"kind":"order","ts":1784738321748,"orderId":"72982514","owner":"0xd0F8A6422CcdD812f29D8FB75CF5FCd41483BaDc","price":0.02365,"size":24659.6684649587,"isBuy":false}
{"kind":"order","ts":1784738321748,"orderId":"72982515","owner":"0xd0F8A6422CcdD812f29D8FB75CF5FCd41483BaDc","price":0.023684,"size":246596.6846495871,"isBuy":false}
{"kind":"order","ts":1784738321757,"orderId":"72982516","owner":"0xd0F8A6422CcdD812f29D8FB75CF5FCd41483BaDc","price":0.023872,"size":493193.3692991743,"isBuy":false}
{"kind":"order","ts":1784738322348,"orderId":"72982517","owner":"0x2b46C08Ca648e2334A1182D31228A79e2BEC1669","price":0.023615,"size":42334,"isBuy":true}
{"kind":"order","ts":1784738322349,"orderId":"72982518","owner":"0x2b46C08Ca648e2334A1182D31228A79e2BEC1669","price":0.023618,"size":21166,"isBuy":false}
{"kind":"order","ts":1784738322349,"orderId":"72982519","owner":"0x2b46C08Ca648e2334A1182D31228A79e2BEC1669","price":0.023609,"size":21167,"isBuy":true}
{"kind":"order","ts":1784738322349,"orderId":"72982520","owner":"0x2b46C08Ca648e2334A1182D31228A79e2BEC1669","price":0.023624,"size":21167,"isBuy":false}
{"kind":"trade","ts":1784738322363,"orderId":"72982508","isBuy":false,"price":0.02362,"updatedSize":0,"filledSize":21168,"taker":"0x2b46C08Ca648e2334A1182D31228A79e2BEC1669","maker":"0x8Cf67893C236963233023B56AC56A185B042866F"}
{"kind":"order","ts":1784738324114,"orderId":"72982521","owner":"0x2b46C08Ca648e2334A1182D31228A79e2BEC1669","price":0.023615,"size":42336,"isBuy":true}
{"kind":"order","ts":1784738324114,"orderId":"72982522","owner":"0x2b46C08Ca648e2334A1182D31228A79e2BEC1669","price":0.023617,"size":42336,"isBuy":false}
{"kind":"order","ts":1784738324114,"orderId":"72982523","owner":"0x2b46C08Ca648e2334A1182D31228A79e2BEC1669","price":0.023608,"size":21168,"isBuy":true}
{"kind":"order","ts":1784738326279,"orderId":"72982524","owner":"0x2b46C08Ca648e2334A1182D31228A79e2BEC1669","price":0.023613,"size":42338,"isBuy":true}
{"kind":"order","ts":1784738326282,"orderId":"72982525","owner":"0x2b46C08Ca648e2334A1182D31228A79e2BEC1669","price":0.023616,"size":42338,"isBuy":false}
{"kind":"order","ts":1784738326285,"orderId":"72982526","owner":"0x2b46C08Ca648e2334A1182D31228A79e2BEC1669","price":0.023607,"size":21169,"isBuy":true}
{"kind":"order","ts":1784738326285,"orderId":"72982527","owner":"0x2b46C08Ca648e2334A1182D31228A79e2BEC1669","price":0.023622,"size":21169,"isBuy":false}
{"kind":"order","ts":1784738326292,"orderId":"72982528","owner":"0x8Cf67893C236963233023B56AC56A185B042866F","price":0.02362,"size":21168,"isBuy":true}
{"kind":"order","ts":1784738326575,"orderId":"72982529","owner":"0xd0F8A6422CcdD812f29D8FB75CF5FCd41483BaDc","price":0.023603,"size":9863.8673859834,"isBuy":true}
{"kind":"order","ts":1784738326583,"orderId":"72982530","owner":"0xd0F8A6422CcdD812f29D8FB75CF5FCd41483BaDc","price":0.023598,"size":24659.6684649587,"isBuy":true}
{"kind":"order","ts":1784738326584,"orderId":"72982531","owner":"0xd0F8A6422CcdD812f29D8FB75CF5FCd41483BaDc","price":0.023583,"size":246596.6846495871,"isBuy":true}
{"kind":"order","ts":1784738326584,"orderId":"72982532","owner":"0xd0F8A6422CcdD812f29D8FB75CF5FCd41483BaDc","price":0.023499,"size":493193.3692991743,"isBuy":true}
{"kind":"order","ts":1784738326589,"orderId":"72982533","owner":"0xd0F8A6422CcdD812f29D8FB75CF5FCd41483BaDc","price":0.023637,"size":9863.8673859834,"isBuy":false}
{"kind":"order","ts":1784738326589,"orderId":"72982534","owner":"0xd0F8A6422CcdD812f29D8FB75CF5FCd41483BaDc","price":0.023647,"size":24659.6684649587,"isBuy":false}
{"kind":"order","ts":1784738326590,"orderId":"72982535","owner":"0xd0F8A6422CcdD812f29D8FB75CF5FCd41483BaDc","price":0.023681,"size":246596.6846495871,"isBuy":false}
{"kind":"order","ts":1784738326601,"orderId":"72982536","owner":"0xd0F8A6422CcdD812f29D8FB75CF5FCd41483BaDc","price":0.023868,"size":493193.3692991743,"isBuy":false}
{"kind":"order","ts":1784738327721,"orderId":"72982537","owner":"0xd0F8A6422CcdD812f29D8FB75CF5FCd41483BaDc","price":0.023609,"size":9863.8673859834,"isBuy":true}
{"kind":"order","ts":1784738327721,"orderId":"72982538","owner":"0xd0F8A6422CcdD812f29D8FB75CF5FCd41483BaDc","price":0.023605,"size":24659.6684649587,"isBuy":true}
{"kind":"order","ts":1784738327722,"orderId":"72982539","owner":"0xd0F8A6422CcdD812f29D8FB75CF5FCd41483BaDc","price":0.023589,"size":246596.6846495871,"isBuy":true}
{"kind":"order","ts":1784738327722,"orderId":"72982540","owner":"0xd0F8A6422CcdD812f29D8FB75CF5FCd41483BaDc","price":0.023505,"size":493193.3692991743,"isBuy":true}
{"kind":"order","ts":1784738327734,"orderId":"72982541","owner":"0xd0F8A6422CcdD812f29D8FB75CF5FCd41483BaDc","price":0.023642,"size":9863.8673859834,"isBuy":false}
{"kind":"order","ts":1784738327734,"orderId":"72982542","owner":"0xd0F8A6422CcdD812f29D8FB75CF5FCd41483BaDc","price":0.023652,"size":24659.6684649587,"isBuy":false}
{"kind":"order","ts":1784738327734,"orderId":"72982543","owner":"0xd0F8A6422CcdD812f29D8FB75CF5FCd41483BaDc","price":0.023686,"size":246596.6846495871,"isBuy":false}
{"kind":"order","ts":1784738327736,"orderId":"72982544","owner":"0xd0F8A6422CcdD812f29D8FB75CF5FCd41483BaDc","price":0.023874,"size":493193.3692991743,"isBuy":false}
{"kind":"order","ts":1784738328115,"orderId":"72982545","owner":"0x2b46C08Ca648e2334A1182D31228A79e2BEC1669","price":0.023615,"size":42335,"isBuy":true}
{"kind":"order","ts":1784738328116,"orderId":"72982546","owner":"0x2b46C08Ca648e2334A1182D31228A79e2BEC1669","price":0.023618,"size":21167,"isBuy":false}
{"kind":"order","ts":1784738328116,"orderId":"72982547","owner":"0x2b46C08Ca648e2334A1182D31228A79e2BEC1669","price":0.023609,"size":21167,"isBuy":true}
{"kind":"order","ts":1784738328116,"orderId":"72982548","owner":"0x2b46C08Ca648e2334A1182D31228A79e2BEC1669","price":0.023624,"size":21167,"isBuy":false}
{"kind":"trade","ts":1784738328126,"orderId":"72982528","isBuy":false,"price":0.02362,"updatedSize":0,"filledSize":21168,"taker":"0x2b46C08Ca648e2334A1182D31228A79e2BEC1669","maker":"0x8Cf67893C236963233023B56AC56A185B042866F"}
{"kind":"order","ts":1784738330365,"orderId":"72982549","owner":"0x2b46C08Ca648e2334A1182D31228A79e2BEC1669","price":0.023618,"size":42332,"isBuy":true}
{"kind":"order","ts":1784738330365,"orderId":"72982550","owner":"0x2b46C08Ca648e2334A1182D31228A79e2BEC1669","price":0.02362,"size":42332,"isBuy":false}
{"kind":"order","ts":1784738330365,"orderId":"72982551","owner":"0x2b46C08Ca648e2334A1182D31228A79e2BEC1669","price":0.023611,"size":21166,"isBuy":true}
{"kind":"order","ts":1784738330365,"orderId":"72982552","owner":"0x2b46C08Ca648e2334A1182D31228A79e2BEC1669","price":0.023627,"size":21166,"isBuy":false}
{"kind":"order","ts":1784738331381,"orderId":"72982553","owner":"0x8Cf67893C236963233023B56AC56A185B042866F","price":0.02362,"size":21159,"isBuy":true}
{"kind":"order","ts":1784738332204,"orderId":"72982554","owner":"0x2b46C08Ca648e2334A1182D31228A79e2BEC1669","price":0.023617,"size":42333,"isBuy":true}
{"kind":"order","ts":1784738332214,"orderId":"72982555","owner":"0x2b46C08Ca648e2334A1182D31228A79e2BEC1669","price":0.023619,"size":21174,"isBuy":false}
{"kind":"order","ts":1784738332214,"orderId":"72982556","owner":"0x2b46C08Ca648e2334A1182D31228A79e2BEC1669","price":0.02361,"size":21166,"isBuy":true}
{"kind":"order","ts":1784738332216,"orderId":"72982557","owner":"0x2b46C08Ca648e2334A1182D31228A79e2BEC1669","price":0.023626,"size":21166,"isBuy":false}
{"kind":"trade","ts":1784738332217,"orderId":"72982553","isBuy":false,"price":0.02362,"updatedSize":0,"filledSize":21159,"taker":"0x2b46C08Ca648e2334A1182D31228A79e2BEC1669","maker":"0x8Cf67893C236963233023B56AC56A185B042866F"}
{"kind":"order","ts":1784738334254,"orderId":"72982558","owner":"0x2b46C08Ca648e2334A1182D31228A79e2BEC1669","price":0.023614,"size":42339,"isBuy":true}
{"kind":"order","ts":1784738334255,"orderId":"72982559","owner":"0x2b46C08Ca648e2334A1182D31228A79e2BEC1669","price":0.023617,"size":42339,"isBuy":false}
{"kind":"order","ts":1784738334255,"orderId":"72982560","owner":"0x2b46C08Ca648e2334A1182D31228A79e2BEC1669","price":0.023608,"size":21169,"isBuy":true}
{"kind":"order","ts":1784738334256,"orderId":"72982561","owner":"0x2b46C08Ca648e2334A1182D31228A79e2BEC1669","price":0.023623,"size":21169,"isBuy":false}
{"kind":"order","ts":1784738334978,"orderId":"72982562","owner":"0x2b46C08Ca648e2334A1182D31228A79e2BEC1669","price":0.023617,"size":42333,"isBuy":true}
{"kind":"order","ts":1784738334979,"orderId":"72982563","owner":"0x2b46C08Ca648e2334A1182D31228A79e2BEC1669","price":0.02362,"size":42333,"isBuy":false}
{"kind":"order","ts":1784738334979,"orderId":"72982564","owner":"0x2b46C08Ca648e2334A1182D31228A79e2BEC1669","price":0.023611,"size":21166,"isBuy":true}
{"kind":"order","ts":1784738334979,"orderId":"72982565","owner":"0x2b46C08Ca648e2334A1182D31228A79e2BEC1669","price":0.023626,"size":21166,"isBuy":false}
{"kind":"order","ts":1784738336464,"orderId":"72982566","owner":"0x8Cf67893C236963233023B56AC56A185B042866F","price":0.023619,"size":21159,"isBuy":true}
{"kind":"order","ts":1784738336464,"orderId":"72982567","owner":"0x8Cf67893C236963233023B56AC56A185B042866F","price":0.023634,"size":21159,"isBuy":false}
{"kind":"order","ts":1784738336893,"orderId":"72982568","owner":"0x2b46C08Ca648e2334A1182D31228A79e2BEC1669","price":0.023617,"size":42335,"isBuy":true}
{"kind":"order","ts":1784738336893,"orderId":"72982569","owner":"0x2b46C08Ca648e2334A1182D31228A79e2BEC1669","price":0.02362,"size":42335,"isBuy":false}
{"kind":"order","ts":1784738339229,"orderId":"72982570","owner":"0x2b46C08Ca648e2334A1182D31228A79e2BEC1669","price":0.023617,"size":42335,"isBuy":true}
{"kind":"order","ts":1784738339231,"orderId":"72982571","owner":"0x2b46C08Ca648e2334A1182D31228A79e2BEC1669","price":0.023619,"size":21176,"isBuy":false}
{"kind":"order","ts":1784738339232,"orderId":"72982572","owner":"0x2b46C08Ca648e2334A1182D31228A79e2BEC1669","price":0.02361,"size":21167,"isBuy":true}
{"kind":"order","ts":1784738339232,"orderId":"72982573","owner":"0x2b46C08Ca648e2334A1182D31228A79e2BEC1669","price":0.023625,"size":21167,"isBuy":false}
{"kind":"trade","ts":1784738339242,"orderId":"72982566","isBuy":false,"price":0.023619,"updatedSize":0,"filledSize":21159,"taker":"0x2b46C08Ca648e2334A1182D31228A79e2BEC1669","maker":"0x8Cf67893C236963233023B56AC56A185B042866F"}
{"kind":"order","ts":1784738341631,"orderId":"72982574","owner":"0x2b46C08Ca648e2334A1182D31228A79e2BEC1669","price":0.02362,"size":42331,"isBuy":true}
{"kind":"order","ts":1784738341631,"orderId":"72982575","owner":"0x2b46C08Ca648e2334A1182D31228A79e2BEC1669","price":0.023622,"size":42331,"isBuy":false}
{"kind":"order","ts":1784738341631,"orderId":"72982576","owner":"0x2b46C08Ca648e2334A1182D31228A79e2BEC1669","price":0.023613,"size":21165,"isBuy":true}
{"kind":"order","ts":1784738341632,"orderId":"72982577","owner":"0x2b46C08Ca648e2334A1182D31228A79e2BEC1669","price":0.023629,"size":21165,"isBuy":false}
{"kind":"order","ts":1784738341632,"orderId":"72982578","owner":"0x8Cf67893C236963233023B56AC56A185B042866F","price":0.02362,"size":21159,"isBuy":true}
{"kind":"order","ts":1784738343202,"orderId":"72982579","owner":"0x2b46C08Ca648e2334A1182D31228A79e2BEC1669","price":0.023619,"size":42331,"isBuy":true}
{"kind":"order","ts":1784738343202,"orderId":"72982580","owner":"0x2b46C08Ca648e2334A1182D31228A79e2BEC1669","price":0.023622,"size":42331,"isBuy":false}
{"kind":"order","ts":1784738343202,"orderId":"72982581","owner":"0x2b46C08Ca648e2334A1182D31228A79e2BEC1669","price":0.023628,"size":21165,"isBuy":false}
{"kind":"order","ts":1784738344072,"orderId":"72982582","owner":"0x2b46C08Ca648e2334A1182D31228A79e2BEC1669","price":0.023632,"size":42309,"isBuy":true}
{"kind":"order","ts":1784738344073,"orderId":"72982583","owner":"0x2b46C08Ca648e2334A1182D31228A79e2BEC1669","price":0.023635,"size":42309,"isBuy":false}
{"kind":"order","ts":1784738344074,"orderId":"72982584","owner":"0x2b46C08Ca648e2334A1182D31228A79e2BEC1669","price":0.023626,"size":21154,"isBuy":true}
{"kind":"order","ts":1784738344075,"orderId":"72982585","owner":"0x2b46C08Ca648e2334A1182D31228A79e2BEC1669","price":0.023641,"size":21154,"isBuy":false}
{"kind":"order","ts":1784738346006,"orderId":"72982586","owner":"0x2b46C08Ca648e2334A1182D31228A79e2BEC1669","price":0.023632,"size":42309,"isBuy":true}
{"kind":"order","ts":1784738346006,"orderId":"72982587","owner":"0x2b46C08Ca648e2334A1182D31228A79e2BEC1669","price":0.023635,"size":42309,"isBuy":false}
{"kind":"order","ts":1784738346418,"orderId":"72982588","owner":"0x8Cf67893C236963233023B56AC56A185B042866F","price":0.023629,"size":21159,"isBuy":true}
{"kind":"order","ts":1784738346420,"orderId":"72982589","owner":"0x8Cf67893C236963233023B56AC56A185B042866F","price":0.023642,"size":21159,"isBuy":false}
{"kind":"order","ts":1784738347294,"orderId":"72982590","owner":"0xd0F8A6422CcdD812f29D8FB75CF5FCd41483BaDc","price":0.023619,"size":9863.8673859834,"isBuy":true}
{"kind":"order","ts":1784738347296,"orderId":"72982591","owner":"0xd0F8A6422CcdD812f29D8FB75CF5FCd41483BaDc","price":0.023614,"size":24659.6684649587,"isBuy":true}
{"kind":"order","ts":1784738347296,"orderId":"72982592","owner":"0xd0F8A6422CcdD812f29D8FB75CF5FCd41483BaDc","price":0.023599,"size":246596.6846495871,"isBuy":true}
{"kind":"order","ts":1784738347296,"orderId":"72982593","owner":"0xd0F8A6422CcdD812f29D8FB75CF5FCd41483BaDc","price":0.023515,"size":493193.3692991743,"isBuy":true}
{"kind":"order","ts":1784738347306,"orderId":"72982594","owner":"0xd0F8A6422CcdD812f29D8FB75CF5FCd41483BaDc","price":0.023652,"size":9863.8673859834,"isBuy":false}
{"kind":"order","ts":1784738347306,"orderId":"72982595","owner":"0xd0F8A6422CcdD812f29D8FB75CF5FCd41483BaDc","price":0.023662,"size":24659.6684649587,"isBuy":false}
{"kind":"order","ts":1784738347308,"orderId":"72982596","owner":"0xd0F8A6422CcdD812f29D8FB75CF5FCd41483BaDc","price":0.023696,"size":246596.6846495871,"isBuy":false}
{"kind":"order","ts":1784738347318,"orderId":"72982597","owner":"0xd0F8A6422CcdD812f29D8FB75CF5FCd41483BaDc","price":0.023884,"size":493193.3692991743,"isBuy":false}
{"kind":"order","ts":1784738347577,"orderId":"72982598","owner":"0x2b46C08Ca648e2334A1182D31228A79e2BEC1669","price":0.023635,"size":42302,"isBuy":true}
{"kind":"order","ts":1784738347579,"orderId":"72982599","owner":"0x2b46C08Ca648e2334A1182D31228A79e2BEC1669","price":0.023638,"size":42302,"isBuy":false}
{"kind":"order","ts":1784738347579,"orderId":"72982600","owner":"0x2b46C08Ca648e2334A1182D31228A79e2BEC1669","price":0.023629,"size":21151,"isBuy":true}
{"kind":"order","ts":1784738347579,"orderId":"72982601","owner":"0x2b46C08Ca648e2334A1182D31228A79e2BEC1669","price":0.023644,"size":21151,"isBuy":false}
{"kind":"trade","ts":1784738348096,"orderId":"72982588","isBuy":false,"price":0.023629,"updatedSize":20032.3438754691,"filledSize":1126.6561245309,"taker":"0x1c1823f6021E5Cf930B8223305321042a5a2BB0e","maker":"0x8Cf67893C236963233023B56AC56A185B042866F"}
{"kind":"trade","ts":1784738348217,"orderId":"72982588","isBuy":false,"price":0.023629,"updatedSize":19465.6056300743,"filledSize":566.7382453948,"taker":"0x8e7809E39123Df30cC9C434d1f4472D731d7CAfB","maker":"0x8Cf67893C236963233023B56AC56A185B042866F"}
{"kind":"order","ts":1784738349929,"orderId":"72982602","owner":"0x2b46C08Ca648e2334A1182D31228A79e2BEC1669","price":0.023636,"size":42302,"isBuy":true}
{"kind":"order","ts":1784738349929,"orderId":"72982603","owner":"0x2b46C08Ca648e2334A1182D31228A79e2BEC1669","price":0.023638,"size":42302,"isBuy":false}
{"kind":"order","ts":1784738349929,"orderId":"72982604","owner":"0x2b46C08Ca648e2334A1182D31228A79e2BEC1669","price":0.023645,"size":21151,"isBuy":false}
{"kind":"order","ts":1784738351092,"orderId":"72982605","owner":"0x8Cf67893C236963233023B56AC56A185B042866F","price":0.023631,"size":21159,"isBuy":true}
{"kind":"order","ts":1784738351094,"orderId":"72982606","owner":"0x8Cf67893C236963233023B56AC56A185B042866F","price":0.023644,"size":21159,"isBuy":false}
{"kind":"trade","ts":1784738351628,"orderId":"72982605","isBuy":false,"price":0.023631,"updatedSize":14453.1358789591,"filledSize":6705.8641210409,"taker":"0x8e7809E39123Df30cC9C434d1f4472D731d7CAfB","maker":"0x8Cf67893C236963233023B56AC56A185B042866F"}
{"kind":"order","ts":1784738351935,"orderId":"72982607","owner":"0x2b46C08Ca648e2334A1182D31228A79e2BEC1669","price":0.023636,"size":42302,"isBuy":true}
{"kind":"order","ts":1784738351938,"orderId":"72982608","owner":"0x2b46C08Ca648e2334A1182D31228A79e2BEC1669","price":0.023639,"size":42302,"isBuy":false}
{"kind":"order","ts":1784738351938,"orderId":"72982609","owner":"0x2b46C08Ca648e2334A1182D31228A79e2BEC1669","price":0.02363,"size":21151,"isBuy":true}
{"kind":"order","ts":1784738354210,"orderId":"72982610","owner":"0x2b46C08Ca648e2334A1182D31228A79e2BEC1669","price":0.023635,"size":42303,"isBuy":true}
{"kind":"order","ts":1784738354210,"orderId":"72982611","owner":"0x2b46C08Ca648e2334A1182D31228A79e2BEC1669","price":0.023638,"size":42303,"isBuy":false}
{"kind":"order","ts":1784738354211,"orderId":"72982612","owner":"0x2b46C08Ca648e2334A1182D31228A79e2BEC1669","price":0.023629,"size":21151,"isBuy":true}
{"kind":"order","ts":1784738354211,"orderId":"72982613","owner":"0x2b46C08Ca648e2334A1182D31228A79e2BEC1669","price":0.023644,"size":21151,"isBuy":false}
{"kind":"order","ts":1784738355965,"orderId":"72982614","owner":"0x2b46C08Ca648e2334A1182D31228A79e2BEC1669","price":0.023636,"size":42302,"isBuy":true}
{"kind":"order","ts":1784738355965,"orderId":"72982615","owner":"0x2b46C08Ca648e2334A1182D31228A79e2BEC1669","price":0.023638,"size":42302,"isBuy":false}
{"kind":"order","ts":1784738355965,"orderId":"72982616","owner":"0x2b46C08Ca648e2334A1182D31228A79e2BEC1669","price":0.023645,"size":21151,"isBuy":false}
{"kind":"order","ts":1784738356276,"orderId":"72982617","owner":"0x8Cf67893C236963233023B56AC56A185B042866F","price":0.023635,"size":21150,"isBuy":true}
{"kind":"order","ts":1784738356276,"orderId":"72982618","owner":"0x8Cf67893C236963233023B56AC56A185B042866F","price":0.023647,"size":21150,"isBuy":false}
{"kind":"order","ts":1784738357941,"orderId":"72982619","owner":"0x2b46C08Ca648e2334A1182D31228A79e2BEC1669","price":0.023636,"size":42302,"isBuy":true}
{"kind":"order","ts":1784738357943,"orderId":"72982620","owner":"0x2b46C08Ca648e2334A1182D31228A79e2BEC1669","price":0.023639,"size":42302,"isBuy":false}
{"kind":"order","ts":1784738357944,"orderId":"72982621","owner":"0x2b46C08Ca648e2334A1182D31228A79e2BEC1669","price":0.02363,"size":21151,"isBuy":true}
{"kind":"order","ts":1784738358680,"orderId":"72982622","owner":"0x2b46C08Ca648e2334A1182D31228A79e2BEC1669","price":0.02364,"size":42294,"isBuy":true}
{"kind":"order","ts":1784738358680,"orderId":"72982623","owner":"0x2b46C08Ca648e2334A1182D31228A79e2BEC1669","price":0.023643,"size":42294,"isBuy":false}
{"kind":"order","ts":1784738358681,"orderId":"72982624","owner":"0x2b46C08Ca648e2334A1182D31228A79e2BEC1669","price":0.023634,"size":21147,"isBuy":true}
{"kind":"order","ts":1784738358681,"orderId":"72982625","owner":"0x2b46C08Ca648e2334A1182D31228A79e2BEC1669","price":0.023649,"size":21147,"isBuy":false}
{"kind":"order","ts":1784738358690,"orderId":"72982626","owner":"0xd0F8A6422CcdD812f29D8FB75CF5FCd41483BaDc","price":0.023629,"size":9860.4606381718,"isBuy":true}
{"kind":"order","ts":1784738358691,"orderId":"72982627","owner":"0xd0F8A6422CcdD812f29D8FB75CF5FCd41483BaDc","price":0.023625,"size":24651.1515954295,"isBuy":true}
{"kind":"order","ts":1784738358692,"orderId":"72982628","owner":"0xd0F8A6422CcdD812f29D8FB75CF5FCd41483BaDc","price":0.023609,"size":246511.5159542954,"isBuy":true}
{"kind":"order","ts":1784738358702,"orderId":"72982629","owner":"0xd0F8A6422CcdD812f29D8FB75CF5FCd41483BaDc","price":0.023525,"size":493023.0319085908,"isBuy":true}
{"kind":"order","ts":1784738358703,"orderId":"72982630","owner":"0xd0F8A6422CcdD812f29D8FB75CF5FCd41483BaDc","price":0.023672,"size":9860.4606381718,"isBuy":false}
{"kind":"order","ts":1784738358704,"orderId":"72982631","owner":"0xd0F8A6422CcdD812f29D8FB75CF5FCd41483BaDc","price":0.023682,"size":24651.1515954295,"isBuy":false}
{"kind":"order","ts":1784738358715,"orderId":"72982632","owner":"0xd0F8A6422CcdD812f29D8FB75CF5FCd41483BaDc","price":0.023716,"size":246511.5159542954,"isBuy":false}
{"kind":"order","ts":1784738358715,"orderId":"72982633","owner":"0xd0F8A6422CcdD812f29D8FB75CF5FCd41483BaDc","price":0.023903,"size":493023.0319085908,"isBuy":false}
{"kind":"order","ts":1784738360905,"orderId":"72982634","owner":"0x2b46C08Ca648e2334A1182D31228A79e2BEC1669","price":0.02364,"size":42294,"isBuy":true}
{"kind":"order","ts":1784738360906,"orderId":"72982635","owner":"0x2b46C08Ca648e2334A1182D31228A79e2BEC1669","price":0.023643,"size":42294,"isBuy":false}
{"kind":"order","ts":1784738361139,"orderId":"72982636","owner":"0x8Cf67893C236963233023B56AC56A185B042866F","price":0.023664,"size":21150,"isBuy":false}
{"kind":"order","ts":1784738362688,"orderId":"72982637","owner":"0x2b46C08Ca648e2334A1182D31228A79e2BEC1669","price":0.02364,"size":42294,"isBuy":true}
{"kind":"order","ts":1784738362689,"orderId":"72982638","owner":"0x2b46C08Ca648e2334A1182D31228A79e2BEC1669","price":0.023643,"size":42294,"isBuy":false}
{"kind":"order","ts":1784738364705,"orderId":"72982639","owner":"0x2b46C08Ca648e2334A1182D31228A79e2BEC1669","price":0.02364,"size":42295,"isBuy":true}
{"kind":"order","ts":1784738364705,"orderId":"72982640","owner":"0x2b46C08Ca648e2334A1182D31228A79e2BEC1669","price":0.023642,"size":42295,"isBuy":false}
{"kind":"trade","ts":1784738365884,"orderId":"72982625","isBuy":true,"price":0.023649,"updatedSize":18736.8298448138,"filledSize":2410.1701551862,"taker":"0xd651346d7c789536ebf06dc72aE3C8502cd695CC","maker":"0x2b46C08Ca648e2334A1182D31228A79e2BEC1669"}
{"kind":"order","ts":1784738366862,"orderId":"72982641","owner":"0x8Cf67893C236963233023B56AC56A185B042866F","price":0.023662,"size":21132,"isBuy":false}
{"kind":"order","ts":1784738366862,"orderId":"72982642","owner":"0x2b46C08Ca648e2334A1182D31228A79e2BEC1669","price":0.02364,"size":42295,"isBuy":true}
{"kind":"order","ts":1784738366864,"orderId":"72982643","owner":"0x2b46C08Ca648e2334A1182D31228A79e2BEC1669","price":0.023643,"size":42295,"isBuy":false}
{"kind":"order","ts":1784738369171,"orderId":"72982644","owner":"0x2b46C08Ca648e2334A1182D31228A79e2BEC1669","price":0.023641,"size":42292,"isBuy":true}
{"kind":"order","ts":1784738369172,"orderId":"72982645","owner":"0x2b46C08Ca648e2334A1182D31228A79e2BEC1669","price":0.023644,"size":42292,"isBuy":false}
{"kind":"order","ts":1784738369173,"orderId":"72982646","owner":"0x2b46C08Ca648e2334A1182D31228A79e2BEC1669","price":0.023635,"size":21146,"isBuy":true}
{"kind":"order","ts":1784738369173,"orderId":"72982647","owner":"0x2b46C08Ca648e2334A1182D31228A79e2BEC1669","price":0.02365,"size":21146,"isBuy":false}
{"kind":"order","ts":1784738371207,"orderId":"72982648","owner":"0x2b46C08Ca648e2334A1182D31228A79e2BEC1669","price":0.02364,"size":42294,"isBuy":true}
{"kind":"order","ts":1784738371207,"orderId":"72982649","owner":"0x2b46C08Ca648e2334A1182D31228A79e2BEC1669","price":0.023643,"size":42294,"isBuy":false}
{"kind":"order","ts":1784738371208,"orderId":"72982650","owner":"0x2b46C08Ca648e2334A1182D31228A79e2BEC1669","price":0.023634,"size":21147,"isBuy":true}
{"kind":"order","ts":1784738371209,"orderId":"72982651","owner":"0x2b46C08Ca648e2334A1182D31228A79e2BEC1669","price":0.023649,"size":21147,"isBuy":false}
{"kind":"order","ts":1784738371209,"orderId":"72982652","owner":"0x8Cf67893C236963233023B56AC56A185B042866F","price":0.023659,"size":21132,"isBuy":false}
{"kind":"order","ts":1784738373471,"orderId":"72982653","owner":"0x2b46C08Ca648e2334A1182D31228A79e2BEC1669","price":0.023642,"size":42292,"isBuy":true}
{"kind":"order","ts":1784738373472,"orderId":"72982654","owner":"0x2b46C08Ca648e2334A1182D31228A79e2BEC1669","price":0.023644,"size":42292,"isBuy":false}
{"kind":"order","ts":1784738373472,"orderId":"72982655","owner":"0x2b46C08Ca648e2334A1182D31228A79e2BEC1669","price":0.023635,"size":21146,"isBuy":true}
{"kind":"order","ts":1784738373472,"orderId":"72982656","owner":"0x2b46C08Ca648e2334A1182D31228A79e2BEC1669","price":0.023651,"size":21146,"isBuy":false}
{"kind":"order","ts":1784738375394,"orderId":"72982657","owner":"0x2b46C08Ca648e2334A1182D31228A79e2BEC1669","price":0.023642,"size":42292,"isBuy":true}
{"kind":"order","ts":1784738375395,"orderId":"72982658","owner":"0x2b46C08Ca648e2334A1182D31228A79e2BEC1669","price":0.023644,"size":42292,"isBuy":false}
{"kind":"order","ts":1784738376357,"orderId":"72982659","owner":"0xd0F8A6422CcdD812f29D8FB75CF5FCd41483BaDc","price":0.023627,"size":9859.3260148085,"isBuy":true}
{"kind":"order","ts":1784738376358,"orderId":"72982660","owner":"0xd0F8A6422CcdD812f29D8FB75CF5FCd41483BaDc","price":0.023623,"size":24648.3150370213,"isBuy":true}
{"kind":"order","ts":1784738376358,"orderId":"72982661","owner":"0xd0F8A6422CcdD812f29D8FB75CF5FCd41483BaDc","price":0.023607,"size":246483.1503702136,"isBuy":true}
{"kind":"order","ts":1784738376359,"orderId":"72982662","owner":"0xd0F8A6422CcdD812f29D8FB75CF5FCd41483BaDc","price":0.023523,"size":492966.3007404272,"isBuy":true}
{"kind":"order","ts":1784738376368,"orderId":"72982663","owner":"0xd0F8A6422CcdD812f29D8FB75CF5FCd41483BaDc","price":0.02366,"size":9859.3260148085,"isBuy":false}
{"kind":"order","ts":1784738376369,"orderId":"72982664","owner":"0xd0F8A6422CcdD812f29D8FB75CF5FCd41483BaDc","price":0.02367,"size":24648.3150370213,"isBuy":false}
{"kind":"order","ts":1784738376369,"orderId":"72982665","owner":"0xd0F8A6422CcdD812f29D8FB75CF5FCd41483BaDc","price":0.023704,"size":246483.1503702136,"isBuy":false}
{"kind":"order","ts":1784738376379,"orderId":"72982666","owner":"0xd0F8A6422CcdD812f29D8FB75CF5FCd41483BaDc","price":0.023891,"size":492966.3007404272,"isBuy":false}
{"kind":"order","ts":1784738376379,"orderId":"72982667","owner":"0x8Cf67893C236963233023B56AC56A185B042866F","price":0.023648,"size":21132,"isBuy":true}
{"kind":"order","ts":1784738376380,"orderId":"72982668","owner":"0x8Cf67893C236963233023B56AC56A185B042866F","price":0.023657,"size":21132,"isBuy":false}
{"kind":"order","ts":1784738377166,"orderId":"72982669","owner":"0x2b46C08Ca648e2334A1182D31228A79e2BEC1669","price":0.023641,"size":42294,"isBuy":true}
{"kind":"order","ts":1784738377172,"orderId":"72982670","owner":"0x2b46C08Ca648e2334A1182D31228A79e2BEC1669","price":0.023643,"size":42293.0012450625,"isBuy":false}
{"kind":"order","ts":1784738377172,"orderId":"72982671","owner":"0x2b46C08Ca648e2334A1182D31228A79e2BEC1669","price":0.023634,"size":21147,"isBuy":true}
{"kind":"order","ts":1784738377172,"orderId":"72982672","owner":"0x2b46C08Ca648e2334A1182D31228A79e2BEC1669","price":0.02365,"size":21147,"isBuy":false}
{"kind":"trade","ts":1784738377181,"orderId":"72982667","isBuy":false,"price":0.023648,"updatedSize":0.9987549375,"filledSize":21131.0012450625,"taker":"0x8e7809E39123Df30cC9C434d1f4472D731d7CAfB","maker":"0x8Cf67893C236963233023B56AC56A185B042866F"}
{"kind":"trade","ts":1784738377181,"orderId":"72982667","isBuy":false,"price":0.023648,"updatedSize":0,"filledSize":0.9987549375,"taker":"0x2b46C08Ca648e2334A1182D31228A79e2BEC1669","maker":"0x8Cf67893C236963233023B56AC56A185B042866F"}
{"kind":"trade","ts":1784738377563,"orderId":"72982671","isBuy":false,"price":0.023634,"updatedSize":21042.0252949149,"filledSize":104.9747050851,"taker":"0x2f84FB8982073f39Ba47c7fcC29119aF074AbbcB","maker":"0x2b46C08Ca648e2334A1182D31228A79e2BEC1669"}
{"kind":"order","ts":1784738379303,"orderId":"72982673","owner":"0x2b46C08Ca648e2334A1182D31228A79e2BEC1669","price":0.02364,"size":42295,"isBuy":true}
{"kind":"order","ts":1784738379304,"orderId":"72982674","owner":"0x2b46C08Ca648e2334A1182D31228A79e2BEC1669","price":0.023643,"size":42295,"isBuy":false}
{"kind":"order","ts":1784738379304,"orderId":"72982675","owner":"0x2b46C08Ca648e2334A1182D31228A79e2BEC1669","price":0.023634,"size":21147,"isBuy":true}
{"kind":"order","ts":1784738379304,"orderId":"72982676","owner":"0x2b46C08Ca648e2334A1182D31228A79e2BEC1669","price":0.023649,"size":21147,"isBuy":false}
{"kind":"order","ts":1784738381183,"orderId":"72982677","owner":"0x2b46C08Ca648e2334A1182D31228A79e2BEC1669","price":0.02364,"size":42295,"isBuy":true}
{"kind":"order","ts":1784738381183,"orderId":"72982678","owner":"0x2b46C08Ca648e2334A1182D31228A79e2BEC1669","price":0.023643,"size":42295,"isBuy":false}
{"kind":"order","ts":1784738381183,"orderId":"72982679","owner":"0x8Cf67893C236963233023B56AC56A185B042866F","price":0.023636,"size":21141,"isBuy":true}
{"kind":"order","ts":1784738381183,"orderId":"72982680","owner":"0x8Cf67893C236963233023B56AC56A185B042866F","price":0.023646,"size":21141,"isBuy":false}
{"kind":"order","ts":1784738383882,"orderId":"72982681","owner":"0x2b46C08Ca648e2334A1182D31228A79e2BEC1669","price":0.023639,"size":42296,"isBuy":true}
{"kind":"order","ts":1784738383882,"orderId":"72982682","owner":"0x2b46C08Ca648e2334A1182D31228A79e2BEC1669","price":0.023642,"size":42296,"isBuy":false}
{"kind":"order","ts":1784738383882,"orderId":"72982683","owner":"0x2b46C08Ca648e2334A1182D31228A79e2BEC1669","price":0.023633,"size":21148,"isBuy":true}
{"kind":"order","ts":1784738383882,"orderId":"72982684","owner":"0x2b46C08Ca648e2334A1182D31228A79e2BEC1669","price":0.023648,"size":21148,"isBuy":false}
{"kind":"order","ts":1784738384403,"orderId":"72982685","owner":"0xd0F8A6422CcdD812f29D8FB75CF5FCd41483BaDc","price":0.023623,"size":9859.3260148085,"isBuy":true}
{"kind":"order","ts":1784738384403,"orderId":"72982686","owner":"0xd0F8A6422CcdD812f29D8FB75CF5FCd41483BaDc","price":0.023618,"size":24648.3150370213,"isBuy":true}
{"kind":"order","ts":1784738384405,"orderId":"72982687","owner":"0xd0F8A6422CcdD812f29D8FB75CF5FCd41483BaDc","price":0.023603,"size":246483.1503702136,"isBuy":true}
{"kind":"order","ts":1784738384405,"orderId":"72982688","owner":"0xd0F8A6422CcdD812f29D8FB75CF5FCd41483BaDc","price":0.023519,"size":492966.3007404272,"isBuy":true}
{"kind":"order","ts":1784738384417,"orderId":"72982689","owner":"0xd0F8A6422CcdD812f29D8FB75CF5FCd41483BaDc","price":0.023652,"size":9859.3260148085,"isBuy":false}
{"kind":"order","ts":1784738384417,"orderId":"72982690","owner":"0xd0F8A6422CcdD812f29D8FB75CF5FCd41483BaDc","price":0.023662,"size":24648.3150370213,"isBuy":false}
{"kind":"order","ts":1784738384417,"orderId":"72982691","owner":"0xd0F8A6422CcdD812f29D8FB75CF5FCd41483BaDc","price":0.023696,"size":246483.1503702136,"isBuy":false}
{"kind":"order","ts":1784738384427,"orderId":"72982692","owner":"0xd0F8A6422CcdD812f29D8FB75CF5FCd41483BaDc","price":0.023883,"size":492966.3007404272,"isBuy":false}
{"kind":"order","ts":1784738385066,"orderId":"72982693","owner":"0x2b46C08Ca648e2334A1182D31228A79e2BEC1669","price":0.023636,"size":42301,"isBuy":true}
{"kind":"order","ts":1784738385066,"orderId":"72982694","owner":"0x2b46C08Ca648e2334A1182D31228A79e2BEC1669","price":0.023639,"size":42301,"isBuy":false}
{"kind":"order","ts":1784738385066,"orderId":"72982695","owner":"0x2b46C08Ca648e2334A1182D31228A79e2BEC1669","price":0.02363,"size":21150,"isBuy":true}
{"kind":"order","ts":1784738385066,"orderId":"72982696","owner":"0x2b46C08Ca648e2334A1182D31228A79e2BEC1669","price":0.023645,"size":21150,"isBuy":false}
{"kind":"trade","ts":1784738385650,"orderId":"72982679","isBuy":false,"price":0.023636,"updatedSize":2430.75,"filledSize":18710.25,"taker":"0xC428551242deAb5F4b70Ea36943E63Fd191F3B0e","maker":"0x8Cf67893C236963233023B56AC56A185B042866F"}
{"kind":"order","ts":1784738386580,"orderId":"72982697","owner":"0xd0F8A6422CcdD812f29D8FB75CF5FCd41483BaDc","price":0.023618,"size":9860.4606381718,"isBuy":true}
{"kind":"order","ts":1784738386582,"orderId":"72982698","owner":"0xd0F8A6422CcdD812f29D8FB75CF5FCd41483BaDc","price":0.023613,"size":24651.1515954295,"isBuy":true}
{"kind":"order","ts":1784738386582,"orderId":"72982699","owner":"0xd0F8A6422CcdD812f29D8FB75CF5FCd41483BaDc","price":0.023598,"size":246511.5159542954,"isBuy":true}
{"kind":"order","ts":1784738386582,"orderId":"72982700","owner":"0xd0F8A6422CcdD812f29D8FB75CF5FCd41483BaDc","price":0.023514,"size":493023.0319085908,"isBuy":true}
{"kind":"order","ts":1784738386594,"orderId":"72982701","owner":"0xd0F8A6422CcdD812f29D8FB75CF5FCd41483BaDc","price":0.023646,"size":9860.4606381718,"isBuy":false}
{"kind":"order","ts":1784738386594,"orderId":"72982702","owner":"0xd0F8A6422CcdD812f29D8FB75CF5FCd41483BaDc","price":0.023656,"size":24651.1515954295,"isBuy":false}
{"kind":"order","ts":1784738386594,"orderId":"72982703","owner":"0xd0F8A6422CcdD812f29D8FB75CF5FCd41483BaDc","price":0.02369,"size":246511.5159542954,"isBuy":false}
{"kind":"order","ts":1784738386605,"orderId":"72982704","owner":"0xd0F8A6422CcdD812f29D8FB75CF5FCd41483BaDc","price":0.023877,"size":493023.0319085908,"isBuy":false}
{"kind":"order","ts":1784738386605,"orderId":"72982705","owner":"0x8Cf67893C236963233023B56AC56A185B042866F","price":0.023632,"size":21141,"isBuy":true}
{"kind":"order","ts":1784738386605,"orderId":"72982706","owner":"0x8Cf67893C236963233023B56AC56A185B042866F","price":0.02364,"size":21141,"isBuy":false}
{"kind":"order","ts":1784738386798,"orderId":"72982707","owner":"0x2b46C08Ca648e2334A1182D31228A79e2BEC1669","price":0.023636,"size":42301,"isBuy":true}
{"kind":"order","ts":1784738386798,"orderId":"72982708","owner":"0x2b46C08Ca648e2334A1182D31228A79e2BEC1669","price":0.023639,"size":42301,"isBuy":false}
{"kind":"order","ts":1784738388794,"orderId":"72982709","owner":"0x2b46C08Ca648e2334A1182D31228A79e2BEC1669","price":0.023637,"size":42300,"isBuy":true}
{"kind":"order","ts":1784738388794,"orderId":"72982710","owner":"0x2b46C08Ca648e2334A1182D31228A79e2BEC1669","price":0.023639,"size":42300,"isBuy":false}
{"kind":"order","ts":1784738388794,"orderId":"72982711","owner":"0x2b46C08Ca648e2334A1182D31228A79e2BEC1669","price":0.023631,"size":21150,"isBuy":true}
{"kind":"order","ts":1784738388794,"orderId":"72982712","owner":"0x2b46C08Ca648e2334A1182D31228A79e2BEC1669","price":0.023646,"size":21150,"isBuy":false}
{"kind":"order","ts":1784738390891,"orderId":"72982713","owner":"0x2b46C08Ca648e2334A1182D31228A79e2BEC1669","price":0.023635,"size":42303,"isBuy":true}
{"kind":"order","ts":1784738390893,"orderId":"72982714","owner":"0x2b46C08Ca648e2334A1182D31228A79e2BEC1669","price":0.023638,"size":42303,"isBuy":false}
{"kind":"order","ts":1784738390894,"orderId":"72982715","owner":"0x2b46C08Ca648e2334A1182D31228A79e2BEC1669","price":0.023629,"size":21151,"isBuy":true}
{"kind":"order","ts":1784738390894,"orderId":"72982716","owner":"0x2b46C08Ca648e2334A1182D31228A79e2BEC1669","price":0.023644,"size":21151,"isBuy":false}
{"kind":"order","ts":1784738391524,"orderId":"72982717","owner":"0x8Cf67893C236963233023B56AC56A185B042866F","price":0.02363,"size":21141,"isBuy":true}
{"kind":"order","ts":1784738391524,"orderId":"72982718","owner":"0x8Cf67893C236963233023B56AC56A185B042866F","price":0.023638,"size":21141,"isBuy":false}
{"kind":"order","ts":1784738392846,"orderId":"72982719","owner":"0xd0F8A6422CcdD812f29D8FB75CF5FCd41483BaDc","price":0.023624,"size":9860.4606381718,"isBuy":true}
{"kind":"order","ts":1784738392850,"orderId":"72982720","owner":"0xd0F8A6422CcdD812f29D8FB75CF5FCd41483BaDc","price":0.023619,"size":24651.1515954295,"isBuy":true}
{"kind":"order","ts":1784738392853,"orderId":"72982721","owner":"0xd0F8A6422CcdD812f29D8FB75CF5FCd41483BaDc","price":0.023604,"size":246511.5159542954,"isBuy":true}
{"kind":"order","ts":1784738392854,"orderId":"72982722","owner":"0xd0F8A6422CcdD812f29D8FB75CF5FCd41483BaDc","price":0.02352,"size":493023.0319085908,"isBuy":true}
{"kind":"order","ts":1784738392863,"orderId":"72982723","owner":"0xd0F8A6422CcdD812f29D8FB75CF5FCd41483BaDc","price":0.023656,"size":9860.4606381718,"isBuy":false}
{"kind":"order","ts":1784738392863,"orderId":"72982724","owner":"0xd0F8A6422CcdD812f29D8FB75CF5FCd41483BaDc","price":0.023666,"size":24651.1515954295,"isBuy":false}
{"kind":"order","ts":1784738392863,"orderId":"72982725","owner":"0xd0F8A6422CcdD812f29D8FB75CF5FCd41483BaDc","price":0.0237,"size":246511.5159542954,"isBuy":false}
{"kind":"order","ts":1784738392874,"orderId":"72982726","owner":"0xd0F8A6422CcdD812f29D8FB75CF5FCd41483BaDc","price":0.023887,"size":493023.0319085908,"isBuy":false}
{"kind":"order","ts":1784738392874,"orderId":"72982727","owner":"0x2b46C08Ca648e2334A1182D31228A79e2BEC1669","price":0.023635,"size":42303,"isBuy":true}
{"kind":"order","ts":1784738392874,"orderId":"72982728","owner":"0x2b46C08Ca648e2334A1182D31228A79e2BEC1669","price":0.023638,"size":42303,"isBuy":false}
{"kind":"order","ts":1784738392885,"orderId":"72982729","owner":"0x2b46C08Ca648e2334A1182D31228A79e2BEC1669","price":0.023639,"size":21156,"isBuy":true}
{"kind":"order","ts":1784738392885,"orderId":"72982730","owner":"0x2b46C08Ca648e2334A1182D31228A79e2BEC1669","price":0.023641,"size":42297,"isBuy":false}
{"kind":"order","ts":1784738392885,"orderId":"72982731","owner":"0x2b46C08Ca648e2334A1182D31228A79e2BEC1669","price":0.023632,"size":21148,"isBuy":true}
{"kind":"order","ts":1784738392896,"orderId":"72982732","owner":"0x2b46C08Ca648e2334A1182D31228A79e2BEC1669","price":0.023648,"size":21148,"isBuy":false}
{"kind":"trade","ts":1784738392896,"orderId":"72982718","isBuy":true,"price":0.023638,"updatedSize":0,"filledSize":21141,"taker":"0x2b46C08Ca648e2334A1182D31228A79e2BEC1669","maker":"0x8Cf67893C236963233023B56AC56A185B042866F"}
{"kind":"order","ts":1784738394829,"orderId":"72982733","owner":"0x2b46C08Ca648e2334A1182D31228A79e2BEC1669","price":0.023637,"size":42298,"isBuy":true}
{"kind":"order","ts":1784738394831,"orderId":"72982734","owner":"0x2b46C08Ca648e2334A1182D31228A79e2BEC1669","price":0.02364,"size":42298,"isBuy":false}
{"kind":"order","ts":1784738394832,"orderId":"72982735","owner":"0x2b46C08Ca648e2334A1182D31228A79e2BEC1669","price":0.023631,"size":21149,"isBuy":true}
{"kind":"order","ts":1784738394832,"orderId":"72982736","owner":"0x2b46C08Ca648e2334A1182D31228A79e2BEC1669","price":0.023646,"size":21149,"isBuy":false}
{"kind":"order","ts":1784738396411,"orderId":"72982737","owner":"0x8Cf67893C236963233023B56AC56A185B042866F","price":0.023633,"size":21159,"isBuy":true}
{"kind":"order","ts":1784738396411,"orderId":"72982738","owner":"0x8Cf67893C236963233023B56AC56A185B042866F","price":0.023642,"size":21159,"isBuy":false}
{"kind":"order","ts":1784738397564,"orderId":"72982739","owner":"0x2b46C08Ca648e2334A1182D31228A79e2BEC1669","price":0.023637,"size":42298,"isBuy":true}
{"kind":"order","ts":1784738397564,"orderId":"72982740","owner":"0x2b46C08Ca648e2334A1182D31228A79e2BEC1669","price":0.02364,"size":42298,"isBuy":false}
{"kind":"order","ts":1784738399271,"orderId":"72982741","owner":"0x2b46C08Ca648e2334A1182D31228A79e2BEC1669","price":0.023638,"size":42297,"isBuy":true}
{"kind":"order","ts":1784738399271,"orderId":"72982742","owner":"0x2b46C08Ca648e2334A1182D31228A79e2BEC1669","price":0.023641,"size":42297,"isBuy":false}
{"kind":"order","ts":1784738399271,"orderId":"72982743","owner":"0x2b46C08Ca648e2334A1182D31228A79e2BEC1669","price":0.023632,"size":21148,"isBuy":true}
{"kind":"order","ts":1784738399271,"orderId":"72982744","owner":"0x2b46C08Ca648e2334A1182D31228A79e2BEC1669","price":0.023647,"size":21148,"isBuy":false}
{"kind":"order","ts":1784738401905,"orderId":"72982745","owner":"0x2b46C08Ca648e2334A1182D31228A79e2BEC1669","price":0.02364,"size":42294,"isBuy":true}
{"kind":"order","ts":1784738401906,"orderId":"72982746","owner":"0x2b46C08Ca648e2334A1182D31228A79e2BEC1669","price":0.023642,"size":42294,"isBuy":false}
{"kind":"order","ts":1784738401906,"orderId":"72982747","owner":"0x2b46C08Ca648e2334A1182D31228A79e2BEC1669","price":0.023633,"size":21147,"isBuy":true}
{"kind":"order","ts":1784738401906,"orderId":"72982748","owner":"0x2b46C08Ca648e2334A1182D31228A79e2BEC1669","price":0.023649,"size":21147,"isBuy":false}
{"kind":"order","ts":1784738402276,"orderId":"72982749","owner":"0x8Cf67893C236963233023B56AC56A185B042866F","price":0.023638,"size":21159,"isBuy":true}
{"kind":"order","ts":1784738402276,"orderId":"72982750","owner":"0x8Cf67893C236963233023B56AC56A185B042866F","price":0.023646,"size":21159,"isBuy":false}
{"kind":"order","ts":1784738403390,"orderId":"72982751","owner":"0x2b46C08Ca648e2334A1182D31228A79e2BEC1669","price":0.02364,"size":42294,"isBuy":true}
{"kind":"order","ts":1784738403390,"orderId":"72982752","owner":"0x2b46C08Ca648e2334A1182D31228A79e2BEC1669","price":0.023642,"size":42294,"isBuy":false}
{"kind":"order","ts":1784738405365,"orderId":"72982753","owner":"0xd0F8A6422CcdD812f29D8FB75CF5FCd41483BaDc","price":0.023629,"size":9859.3260148085,"isBuy":true}
{"kind":"order","ts":1784738405381,"orderId":"72982754","owner":"0xd0F8A6422CcdD812f29D8FB75CF5FCd41483BaDc","price":0.023625,"size":24648.3150370213,"isBuy":true}
{"kind":"order","ts":1784738405382,"orderId":"72982755","owner":"0xd0F8A6422CcdD812f29D8FB75CF5FCd41483BaDc","price":0.023609,"size":246483.1503702136,"isBuy":true}
{"kind":"order","ts":1784738405382,"orderId":"72982756","owner":"0xd0F8A6422CcdD812f29D8FB75CF5FCd41483BaDc","price":0.023525,"size":492966.3007404272,"isBuy":true}
{"kind":"order","ts":1784738405465,"orderId":"72982757","owner":"0xd0F8A6422CcdD812f29D8FB75CF5FCd41483BaDc","price":0.023658,"size":9859.3260148085,"isBuy":false}
{"kind":"order","ts":1784738405465,"orderId":"72982758","owner":"0xd0F8A6422CcdD812f29D8FB75CF5FCd41483BaDc","price":0.023668,"size":24648.3150370213,"isBuy":false}
{"kind":"order","ts":1784738405465,"orderId":"72982759","owner":"0xd0F8A6422CcdD812f29D8FB75CF5FCd41483BaDc","price":0.023702,"size":246483.1503702136,"isBuy":false}
{"kind":"order","ts":1784738405551,"orderId":"72982760","owner":"0xd0F8A6422CcdD812f29D8FB75CF5FCd41483BaDc","price":0.023889,"size":492966.3007404272,"isBuy":false}
{"kind":"order","ts":1784738405552,"orderId":"72982761","owner":"0x2b46C08Ca648e2334A1182D31228A79e2BEC1669","price":0.023638,"size":42296,"isBuy":true}
{"kind":"order","ts":1784738405552,"orderId":"72982762","owner":"0x2b46C08Ca648e2334A1182D31228A79e2BEC1669","price":0.023641,"size":42296,"isBuy":false}
{"kind":"order","ts":1784738405553,"orderId":"72982763","owner":"0x2b46C08Ca648e2334A1182D31228A79e2BEC1669","price":0.023632,"size":21148,"isBuy":true}
{"kind":"order","ts":1784738405553,"orderId":"72982764","owner":"0x2b46C08Ca648e2334A1182D31228A79e2BEC1669","price":0.023647,"size":21148,"isBuy":false}
{"kind":"order","ts":1784738407592,"orderId":"72982765","owner":"0x2b46C08Ca648e2334A1182D31228A79e2BEC1669","price":0.023639,"size":42295,"isBuy":true}
{"kind":"order","ts":1784738407592,"orderId":"72982766","owner":"0x2b46C08Ca648e2334A1182D31228A79e2BEC1669","price":0.023641,"size":42295,"isBuy":false}
{"kind":"order","ts":1784738407592,"orderId":"72982767","owner":"0x2b46C08Ca648e2334A1182D31228A79e2BEC1669","price":0.023632,"size":21147,"isBuy":true}
{"kind":"order","ts":1784738407592,"orderId":"72982768","owner":"0x2b46C08Ca648e2334A1182D31228A79e2BEC1669","price":0.023648,"size":21147,"isBuy":false}
{"kind":"order","ts":1784738409464,"orderId":"72982769","owner":"0x2b46C08Ca648e2334A1182D31228A79e2BEC1669","price":0.023639,"size":42294,"isBuy":true}
{"kind":"order","ts":1784738409465,"orderId":"72982770","owner":"0x2b46C08Ca648e2334A1182D31228A79e2BEC1669","price":0.023642,"size":42294,"isBuy":false}
{"kind":"order","ts":1784738409466,"orderId":"72982771","owner":"0x2b46C08Ca648e2334A1182D31228A79e2BEC1669","price":0.023633,"size":21147,"isBuy":true}
{"kind":"order","ts":1784738411346,"orderId":"72982772","owner":"0x2b46C08Ca648e2334A1182D31228A79e2BEC1669","price":0.023639,"size":42294,"isBuy":true}
{"kind":"order","ts":1784738411346,"orderId":"72982773","owner":"0x2b46C08Ca648e2334A1182D31228A79e2BEC1669","price":0.023642,"size":42294,"isBuy":false}
{"kind":"order","ts":1784738413631,"orderId":"72982774","owner":"0x2b46C08Ca648e2334A1182D31228A79e2BEC1669","price":0.023639,"size":42294,"isBuy":true}
{"kind":"order","ts":1784738413632,"orderId":"72982775","owner":"0x2b46C08Ca648e2334A1182D31228A79e2BEC1669","price":0.023642,"size":42294,"isBuy":false}
{"kind":"order","ts":1784738415780,"orderId":"72982776","owner":"0x2b46C08Ca648e2334A1182D31228A79e2BEC1669","price":0.023639,"size":42294,"isBuy":true}
{"kind":"order","ts":1784738415784,"orderId":"72982777","owner":"0x2b46C08Ca648e2334A1182D31228A79e2BEC1669","price":0.023642,"size":42294,"isBuy":false}
{"kind":"order","ts":1784738418548,"orderId":"72982778","owner":"0x2b46C08Ca648e2334A1182D31228A79e2BEC1669","price":0.023638,"size":42297,"isBuy":true}
{"kind":"order","ts":1784738418707,"orderId":"72982779","owner":"0x2b46C08Ca648e2334A1182D31228A79e2BEC1669","price":0.023641,"size":42297,"isBuy":false}
{"kind":"order","ts":1784738418707,"orderId":"72982780","owner":"0x2b46C08Ca648e2334A1182D31228A79e2BEC1669","price":0.023632,"size":21148,"isBuy":true}
{"kind":"order","ts":1784738418707,"orderId":"72982781","owner":"0x2b46C08Ca648e2334A1182D31228A79e2BEC1669","price":0.023647,"size":21148,"isBuy":false}
{"kind":"order","ts":1784738419474,"orderId":"72982782","owner":"0xd0F8A6422CcdD812f29D8FB75CF5FCd41483BaDc","price":0.023625,"size":9859.3260148085,"isBuy":true}
{"kind":"order","ts":1784738419476,"orderId":"72982783","owner":"0xd0F8A6422CcdD812f29D8FB75CF5FCd41483BaDc","price":0.023621,"size":24648.3150370213,"isBuy":true}
{"kind":"order","ts":1784738419478,"orderId":"72982784","owner":"0xd0F8A6422CcdD812f29D8FB75CF5FCd41483BaDc","price":0.023605,"size":246483.1503702136,"isBuy":true}
{"kind":"order","ts":1784738419478,"orderId":"72982785","owner":"0xd0F8A6422CcdD812f29D8FB75CF5FCd41483BaDc","price":0.023521,"size":492966.3007404272,"isBuy":true}
{"kind":"order","ts":1784738419486,"orderId":"72982786","owner":"0xd0F8A6422CcdD812f29D8FB75CF5FCd41483BaDc","price":0.023652,"size":9859.3260148085,"isBuy":false}
{"kind":"order","ts":1784738419487,"orderId":"72982787","owner":"0xd0F8A6422CcdD812f29D8FB75CF5FCd41483BaDc","price":0.023662,"size":24648.3150370213,"isBuy":false}
{"kind":"order","ts":1784738419487,"orderId":"72982788","owner":"0xd0F8A6422CcdD812f29D8FB75CF5FCd41483BaDc","price":0.023696,"size":246483.1503702136,"isBuy":false}
{"kind":"order","ts":1784738419499,"orderId":"72982789","owner":"0xd0F8A6422CcdD812f29D8FB75CF5FCd41483BaDc","price":0.023883,"size":492966.3007404272,"isBuy":false}
{"kind":"order","ts":1784738419499,"orderId":"72982790","owner":"0x2b46C08Ca648e2334A1182D31228A79e2BEC1669","price":0.023636,"size":42301,"isBuy":true}
{"kind":"order","ts":1784738419499,"orderId":"72982791","owner":"0x2b46C08Ca648e2334A1182D31228A79e2BEC1669","price":0.023638,"size":21142,"isBuy":false}
{"kind":"order","ts":1784738419513,"orderId":"72982792","owner":"0x2b46C08Ca648e2334A1182D31228A79e2BEC1669","price":0.02363,"size":21150,"isBuy":true}
{"kind":"order","ts":1784738419513,"orderId":"72982793","owner":"0x2b46C08Ca648e2334A1182D31228A79e2BEC1669","price":0.023645,"size":21150,"isBuy":false}
{"kind":"trade","ts":1784738419513,"orderId":"72982749","isBuy":false,"price":0.023638,"updatedSize":0,"filledSize":21159,"taker":"0x2b46C08Ca648e2334A1182D31228A79e2BEC1669","maker":"0x8Cf67893C236963233023B56AC56A185B042866F"}
{"kind":"order","ts":1784738419745,"orderId":"72982794","owner":"0xd0F8A6422CcdD812f29D8FB75CF5FCd41483BaDc","price":0.02362,"size":9860.4606381718,"isBuy":true}
{"kind":"order","ts":1784738419746,"orderId":"72982795","owner":"0xd0F8A6422CcdD812f29D8FB75CF5FCd41483BaDc","price":0.023615,"size":24651.1515954295,"isBuy":true}
{"kind":"order","ts":1784738419746,"orderId":"72982796","owner":"0xd0F8A6422CcdD812f29D8FB75CF5FCd41483BaDc","price":0.0236,"size":246511.5159542954,"isBuy":true}
{"kind":"order","ts":1784738419746,"orderId":"72982797","owner":"0xd0F8A6422CcdD812f29D8FB75CF5FCd41483BaDc","price":0.023516,"size":493023.0319085908,"isBuy":true}
{"kind":"order","ts":1784738419757,"orderId":"72982798","owner":"0xd0F8A6422CcdD812f29D8FB75CF5FCd41483BaDc","price":0.023652,"size":9860.4606381718,"isBuy":false}
{"kind":"order","ts":1784738419758,"orderId":"72982799","owner":"0xd0F8A6422CcdD812f29D8FB75CF5FCd41483BaDc","price":0.023662,"size":24651.1515954295,"isBuy":false}
{"kind":"order","ts":1784738419758,"orderId":"72982800","owner":"0xd0F8A6422CcdD812f29D8FB75CF5FCd41483BaDc","price":0.023696,"size":246511.5159542954,"isBuy":false}
{"kind":"order","ts":1784738419768,"orderId":"72982801","owner":"0xd0F8A6422CcdD812f29D8FB75CF5FCd41483BaDc","price":0.023883,"size":493023.0319085908,"isBuy":false}
{"kind":"order","ts":1784738421460,"orderId":"72982802","owner":"0x2b46C08Ca648e2334A1182D31228A79e2BEC1669","price":0.023637,"size":42300,"isBuy":true}
{"kind":"order","ts":1784738421460,"orderId":"72982803","owner":"0x2b46C08Ca648e2334A1182D31228A79e2BEC1669","price":0.02364,"size":42300,"isBuy":false}
{"kind":"order","ts":1784738421460,"orderId":"72982804","owner":"0x2b46C08Ca648e2334A1182D31228A79e2BEC1669","price":0.023631,"size":21150,"isBuy":true}
{"kind":"order","ts":1784738421460,"orderId":"72982805","owner":"0x2b46C08Ca648e2334A1182D31228A79e2BEC1669","price":0.023646,"size":21150,"isBuy":false}
{"kind":"order","ts":1784738421460,"orderId":"72982806","owner":"0x8Cf67893C236963233023B56AC56A185B042866F","price":0.023631,"size":21150,"isBuy":true}
{"kind":"order","ts":1784738421460,"orderId":"72982807","owner":"0x8Cf67893C236963233023B56AC56A185B042866F","price":0.023639,"size":21150,"isBuy":false}
{"kind":"order","ts":1784738423744,"orderId":"72982808","owner":"0x2b46C08Ca648e2334A1182D31228A79e2BEC1669","price":0.023637,"size":42300,"isBuy":true}
{"kind":"order","ts":1784738423745,"orderId":"72982809","owner":"0x2b46C08Ca648e2334A1182D31228A79e2BEC1669","price":0.02364,"size":42300,"isBuy":false}
{"kind":"order","ts":1784738425763,"orderId":"72982810","owner":"0x2b46C08Ca648e2334A1182D31228A79e2BEC1669","price":0.023635,"size":42304,"isBuy":true}
{"kind":"order","ts":1784738425765,"orderId":"72982811","owner":"0x2b46C08Ca648e2334A1182D31228A79e2BEC1669","price":0.023638,"size":42304,"isBuy":false}
{"kind":"order","ts":1784738425766,"orderId":"72982812","owner":"0x2b46C08Ca648e2334A1182D31228A79e2BEC1669","price":0.023629,"size":21152,"isBuy":true}
{"kind":"order","ts":1784738425766,"orderId":"72982813","owner":"0x2b46C08Ca648e2334A1182D31228A79e2BEC1669","price":0.023644,"size":21152,"isBuy":false}
{"kind":"order","ts":1784738426168,"orderId":"72982814","owner":"0x8Cf67893C236963233023B56AC56A185B042866F","price":0.023627,"size":21150,"isBuy":true}
{"kind":"order","ts":1784738426170,"orderId":"72982815","owner":"0x8Cf67893C236963233023B56AC56A185B042866F","price":0.023635,"size":21150,"isBuy":false}
{"kind":"order","ts":1784738427758,"orderId":"72982816","owner":"0x2b46C08Ca648e2334A1182D31228A79e2BEC1669","price":0.023636,"size":21152,"isBuy":true}
{"kind":"order","ts":1784738427758,"orderId":"72982817","owner":"0x2b46C08Ca648e2334A1182D31228A79e2BEC1669","price":0.023639,"size":42302,"isBuy":false}
{"kind":"order","ts":1784738427760,"orderId":"72982818","owner":"0x2b46C08Ca648e2334A1182D31228A79e2BEC1669","price":0.02363,"size":21151,"isBuy":true}
{"kind":"order","ts":1784738427760,"orderId":"72982819","owner":"0x2b46C08Ca648e2334A1182D31228A79e2BEC1669","price":0.023645,"size":21151,"isBuy":false}
{"kind":"trade","ts":1784738427771,"orderId":"72982815","isBuy":true,"price":0.023635,"updatedSize":0,"filledSize":21150,"taker":"0x2b46C08Ca648e2334A1182D31228A79e2BEC1669","maker":"0x8Cf67893C236963233023B56AC56A185B042866F"}
{"kind":"order","ts":1784738429962,"orderId":"72982820","owner":"0x2b46C08Ca648e2334A1182D31228A79e2BEC1669","price":0.023635,"size":42302,"isBuy":true}
{"kind":"order","ts":1784738429962,"orderId":"72982821","owner":"0x2b46C08Ca648e2334A1182D31228A79e2BEC1669","price":0.023638,"size":42302,"isBuy":false}
{"kind":"order","ts":1784738429962,"orderId":"72982822","owner":"0x2b46C08Ca648e2334A1182D31228A79e2BEC1669","price":0.023629,"size":21151,"isBuy":true}
{"kind":"order","ts":1784738429962,"orderId":"72982823","owner":"0x2b46C08Ca648e2334A1182D31228A79e2BEC1669","price":0.023644,"size":21151,"isBuy":false}
{"kind":"order","ts":1784738431374,"orderId":"72982824","owner":"0x8Cf67893C236963233023B56AC56A185B042866F","price":0.023635,"size":21150,"isBuy":false}
{"kind":"order","ts":1784738431826,"orderId":"72982825","owner":"0x2b46C08Ca648e2334A1182D31228A79e2BEC1669","price":0.023634,"size":42304,"isBuy":true}
{"kind":"order","ts":1784738431834,"orderId":"72982826","owner":"0x2b46C08Ca648e2334A1182D31228A79e2BEC1669","price":0.023637,"size":42304,"isBuy":false}
{"kind":"order","ts":1784738431835,"orderId":"72982827","owner":"0x2b46C08Ca648e2334A1182D31228A79e2BEC1669","price":0.023628,"size":21152,"isBuy":true}
{"kind":"order","ts":1784738431836,"orderId":"72982828","owner":"0x2b46C08Ca648e2334A1182D31228A79e2BEC1669","price":0.023643,"size":21152,"isBuy":false}
{"kind":"order","ts":1784738433884,"orderId":"72982829","owner":"0xd0F8A6422CcdD812f29D8FB75CF5FCd41483BaDc","price":0.023616,"size":9861.5957401058,"isBuy":true}
{"kind":"order","ts":1784738433885,"orderId":"72982830","owner":"0xd0F8A6422CcdD812f29D8FB75CF5FCd41483BaDc","price":0.023612,"size":24653.9893502645,"isBuy":true}
{"kind":"order","ts":1784738433885,"orderId":"72982831","owner":"0xd0F8A6422CcdD812f29D8FB75CF5FCd41483BaDc","price":0.023596,"size":246539.8935026455,"isBuy":true}
{"kind":"order","ts":1784738433885,"orderId":"72982832","owner":"0xd0F8A6422CcdD812f29D8FB75CF5FCd41483BaDc","price":0.023512,"size":493079.787005291,"isBuy":true}
{"kind":"order","ts":1784738433896,"orderId":"72982833","owner":"0xd0F8A6422CcdD812f29D8FB75CF5FCd41483BaDc","price":0.023646,"size":9861.5957401058,"isBuy":false}
{"kind":"order","ts":1784738433896,"orderId":"72982834","owner":"0xd0F8A6422CcdD812f29D8FB75CF5FCd41483BaDc","price":0.023656,"size":24653.9893502645,"isBuy":false}
{"kind":"order","ts":1784738433897,"orderId":"72982835","owner":"0xd0F8A6422CcdD812f29D8FB75CF5FCd41483BaDc","price":0.02369,"size":246539.8935026455,"isBuy":false}
{"kind":"order","ts":1784738433909,"orderId":"72982836","owner":"0xd0F8A6422CcdD812f29D8FB75CF5FCd41483BaDc","price":0.023877,"size":493079.787005291,"isBuy":false}
{"kind":"order","ts":1784738433909,"orderId":"72982837","owner":"0x2b46C08Ca648e2334A1182D31228A79e2BEC1669","price":0.023629,"size":42312,"isBuy":true}
{"kind":"order","ts":1784738433909,"orderId":"72982838","owner":"0x2b46C08Ca648e2334A1182D31228A79e2BEC1669","price":0.023632,"size":42312,"isBuy":false}
{"kind":"order","ts":1784738433918,"orderId":"72982839","owner":"0x2b46C08Ca648e2334A1182D31228A79e2BEC1669","price":0.023623,"size":21156,"isBuy":true}
{"kind":"order","ts":1784738433918,"orderId":"72982840","owner":"0x2b46C08Ca648e2334A1182D31228A79e2BEC1669","price":0.023638,"size":21156,"isBuy":false}
{"kind":"order","ts":1784738434197,"orderId":"72982841","owner":"0xd0F8A6422CcdD812f29D8FB75CF5FCd41483BaDc","price":0.023607,"size":9861.5957401058,"isBuy":true}
{"kind":"order","ts":1784738434198,"orderId":"72982842","owner":"0xd0F8A6422CcdD812f29D8FB75CF5FCd41483BaDc","price":0.023603,"size":24653.9893502645,"isBuy":true}
{"kind":"order","ts":1784738434199,"orderId":"72982843","owner":"0xd0F8A6422CcdD812f29D8FB75CF5FCd41483BaDc","price":0.023587,"size":246539.8935026455,"isBuy":true}
{"kind":"order","ts":1784738434199,"orderId":"72982844","owner":"0xd0F8A6422CcdD812f29D8FB75CF5FCd41483BaDc","price":0.023503,"size":493079.787005291,"isBuy":true}
{"kind":"order","ts":1784738434210,"orderId":"72982845","owner":"0xd0F8A6422CcdD812f29D8FB75CF5FCd41483BaDc","price":0.023639,"size":9861.5957401058,"isBuy":false}
{"kind":"order","ts":1784738434210,"orderId":"72982846","owner":"0xd0F8A6422CcdD812f29D8FB75CF5FCd41483BaDc","price":0.023649,"size":24653.9893502645,"isBuy":false}
{"kind":"order","ts":1784738434210,"orderId":"72982847","owner":"0xd0F8A6422CcdD812f29D8FB75CF5FCd41483BaDc","price":0.023683,"size":246539.8935026455,"isBuy":false}
{"kind":"order","ts":1784738434221,"orderId":"72982848","owner":"0xd0F8A6422CcdD812f29D8FB75CF5FCd41483BaDc","price":0.02387,"size":493079.787005291,"isBuy":false}
{"kind":"order","ts":1784738434660,"orderId":"72982849","owner":"0x2b46C08Ca648e2334A1182D31228A79e2BEC1669","price":0.023626,"size":42318,"isBuy":true}
{"kind":"order","ts":1784738434660,"orderId":"72982850","owner":"0x2b46C08Ca648e2334A1182D31228A79e2BEC1669","price":0.023629,"size":42318,"isBuy":false}
{"kind":"order","ts":1784738434660,"orderId":"72982851","owner":"0x2b46C08Ca648e2334A1182D31228A79e2BEC1669","price":0.02362,"size":21159,"isBuy":true}
{"kind":"order","ts":1784738434661,"orderId":"72982852","owner":"0x2b46C08Ca648e2334A1182D31228A79e2BEC1669","price":0.023635,"size":21159,"isBuy":false}
{"kind":"order","ts":1784738436218,"orderId":"72982853","owner":"0x2b46C08Ca648e2334A1182D31228A79e2BEC1669","price":0.023629,"size":42313,"isBuy":true}
{"kind":"order","ts":1784738436219,"orderId":"72982854","owner":"0x2b46C08Ca648e2334A1182D31228A79e2BEC1669","price":0.023632,"size":42313,"isBuy":false}
{"kind":"order","ts":1784738436219,"orderId":"72982855","owner":"0x2b46C08Ca648e2334A1182D31228A79e2BEC1669","price":0.023623,"size":21156,"isBuy":true}
{"kind":"order","ts":1784738436219,"orderId":"72982856","owner":"0x2b46C08Ca648e2334A1182D31228A79e2BEC1669","price":0.023638,"size":21156,"isBuy":false}
{"kind":"order","ts":1784738436229,"orderId":"72982857","owner":"0x8Cf67893C236963233023B56AC56A185B042866F","price":0.023621,"size":21150,"isBuy":true}
{"kind":"order","ts":1784738436230,"orderId":"72982858","owner":"0x8Cf67893C236963233023B56AC56A185B042866F","price":0.023629,"size":21150,"isBuy":false}
{"kind":"order","ts":1784738438948,"orderId":"72982859","owner":"0x2b46C08Ca648e2334A1182D31228A79e2BEC1669","price":0.023629,"size":21163,"isBuy":true}
{"kind":"order","ts":1784738438949,"orderId":"72982860","owner":"0x2b46C08Ca648e2334A1182D31228A79e2BEC1669","price":0.023632,"size":42313,"isBuy":false}
{"kind":"trade","ts":1784738438949,"orderId":"72982858","isBuy":true,"price":0.023629,"updatedSize":0,"filledSize":21150,"taker":"0x2b46C08Ca648e2334A1182D31228A79e2BEC1669","maker":"0x8Cf67893C236963233023B56AC56A185B042866F"}
{"kind":"order","ts":1784738440357,"orderId":"72982861","owner":"0xd0F8A6422CcdD812f29D8FB75CF5FCd41483BaDc","price":0.023613,"size":9862.7313226079,"isBuy":true}
{"kind":"order","ts":1784738440357,"orderId":"72982862","owner":"0xd0F8A6422CcdD812f29D8FB75CF5FCd41483BaDc","price":0.023609,"size":24656.8283065198,"isBuy":true}
{"kind":"order","ts":1784738440358,"orderId":"72982863","owner":"0xd0F8A6422CcdD812f29D8FB75CF5FCd41483BaDc","price":0.023593,"size":246568.2830651989,"isBuy":true}
{"kind":"order","ts":1784738440358,"orderId":"72982864","owner":"0xd0F8A6422CcdD812f29D8FB75CF5FCd41483BaDc","price":0.023509,"size":493136.5661303978,"isBuy":true}
{"kind":"order","ts":1784738440365,"orderId":"72982865","owner":"0xd0F8A6422CcdD812f29D8FB75CF5FCd41483BaDc","price":0.023648,"size":9862.7313226079,"isBuy":false}
{"kind":"order","ts":1784738440365,"orderId":"72982866","owner":"0xd0F8A6422CcdD812f29D8FB75CF5FCd41483BaDc","price":0.023658,"size":24656.8283065198,"isBuy":false}
{"kind":"order","ts":1784738440365,"orderId":"72982867","owner":"0xd0F8A6422CcdD812f29D8FB75CF5FCd41483BaDc","price":0.023692,"size":246568.2830651989,"isBuy":false}
{"kind":"order","ts":1784738440375,"orderId":"72982868","owner":"0xd0F8A6422CcdD812f29D8FB75CF5FCd41483BaDc","price":0.023879,"size":493136.5661303978,"isBuy":false}
{"kind":"order","ts":1784738440685,"orderId":"72982869","owner":"0x2b46C08Ca648e2334A1182D31228A79e2BEC1669","price":0.02363,"size":42310,"isBuy":true}
{"kind":"order","ts":1784738440686,"orderId":"72982870","owner":"0x2b46C08Ca648e2334A1182D31228A79e2BEC1669","price":0.023633,"size":42310,"isBuy":false}
{"kind":"order","ts":1784738440687,"orderId":"72982871","owner":"0x2b46C08Ca648e2334A1182D31228A79e2BEC1669","price":0.023624,"size":21155,"isBuy":true}
{"kind":"order","ts":1784738440687,"orderId":"72982872","owner":"0x2b46C08Ca648e2334A1182D31228A79e2BEC1669","price":0.023639,"size":21155,"isBuy":false}
{"kind":"order","ts":1784738441431,"orderId":"72982873","owner":"0x8Cf67893C236963233023B56AC56A185B042866F","price":0.023624,"size":21150,"isBuy":true}
{"kind":"order","ts":1784738441434,"orderId":"72982874","owner":"0x8Cf67893C236963233023B56AC56A185B042866F","price":0.023632,"size":21150,"isBuy":false}
{"kind":"order","ts":1784738442687,"orderId":"72982875","owner":"0x2b46C08Ca648e2334A1182D31228A79e2BEC1669","price":0.023629,"size":42312,"isBuy":true}
{"kind":"order","ts":1784738442687,"orderId":"72982876","owner":"0x2b46C08Ca648e2334A1182D31228A79e2BEC1669","price":0.023632,"size":42312,"isBuy":false}
{"kind":"order","ts":1784738442688,"orderId":"72982877","owner":"0x2b46C08Ca648e2334A1182D31228A79e2BEC1669","price":0.023623,"size":21156,"isBuy":true}
{"kind":"order","ts":1784738442689,"orderId":"72982878","owner":"0x2b46C08Ca648e2334A1182D31228A79e2BEC1669","price":0.023638,"size":21156,"isBuy":false}
{"kind":"trade","ts":1784738444289,"orderId":"72982874","isBuy":true,"price":0.023632,"updatedSize":21044.528605281,"filledSize":105.471394719,"taker":"0x2f84FB8982073f39Ba47c7fcC29119aF074AbbcB","maker":"0x8Cf67893C236963233023B56AC56A185B042866F"}
